% This file was created with JabRef 2.6.
% Encoding: ISO8859_1

@STRING{metno = {The Norwegian Meteorological Institute, Oslo, Norway}}

@STRING{nilu = {The Norwegian Institute for Air Research (NILU), Kjeller, Norway}}

@TECHREPORT{Aas:2005,
  author = {W. Aas and A-G. Hjellbrekke},
  title = {Data quality 2003, quality assurance and field comparisons},
  institution = nilu,
  year = {2005},
  type = {EMEP/CCC Report},
  number = {6/2005}
}

@MISC{Aas2002,
  author = {Aas, W. and Hjellbrekke, A-G. and Man\o, S. and Schaug. S and Solberg,
	S. and Uggerud, H.Th.},
  title = {Data quality 2000, quality assurance and field comparisons},
  year = {2002},
  note = {{Norwegian Institute for Air Research, Kjeller. EMEP/CCC-Report 3/2002}}
}

@TECHREPORT{Aas:04,
  author = {Aas, W. and Hjellbrekke, A.-G. and Man{\o}, S. and Uggerud, H.},
  title = {{Data quality 2002, Quality Assurance, and Field Comparisons}},
  institution = nilu,
  year = {2004},
  number = {EMEP/CCC Report 4/2004}
}

@MISC{Aas:2003,
  author = {W. Aas and A-G. Hjellbrekke and S. Schaug and H. Th. Uggerud},
  title = {{Data quality 2001, quality assurance and field comparisons}},
  year = {2003},
  note = {{EMEP CCC Report 6/2003, Norwegian Institute for Air Research, Kjeller}}
}

@TECHREPORT{Aas:00,
  author = {Aas, W. and Hjellbrekke, A.-G. and Semb, A. and Schaug, J.},
  title = {{Data quality 1998, quality assurance, and field comparisons}},
  institution = nilu,
  year = {2000},
  number = {EMEP/CCC Report 6/00}
}

@TECHREPORT{Aas:01,
  author = {Aas, W. and Hjellbrekke, A.-G. and Semb, A. and Schaug, J.},
  title = {{Data quality 1999, quality assurance, and field comaprisons}},
  institution = nilu,
  year = {2000},
  type = {EMEP/CCC},
  number = {Report 6/01}
}

@TECHREPORT{Aas:99,
  author = {Aas, W. and Hjellbrekke, A.-G and Semb, A. and Schaug, J.},
  title = {{Data quality 1997, quality assurance, and field comaprisons}},
  institution = {The Norwegian Institute for Air Research ( NILU), Kjeller, Norway},
  year = {1999},
  number = {EMEP/CCC Report 6/99}
}

@INCOLLECTION{R2010:Med,
  author = {Aas, W. and Solberg, S. and Gauss, M. and Simpson, D.},
  title = {The Mediterranean region},
  booktitle = {Transboundary acidification, eutrophication and ground level ozone
	in Europe. EMEP Status Report 1/2010},
  publisher = metno,
  year = {2010},
  pages = {37--48}
}

@INCOLLECTION{R2010:SLCF,
  author = {Semeena, V.~S. and Tsyro, S. and Ny\'{\i}ri, A. and Gauss, M.},
  title = {Short-lived climate forcers},
  booktitle = {Transboundary acidification, eutrophication and ground level ozone
	in Europe. EMEP Status Report 1/2010},
  publisher = metno,
  year = {2010},
  pages = {51--59}
}

@INCOLLECTION{R2010:NorESM,
  author = {Iversen, T. and Kirkev{\aa}g, A. and Seland, {\O}},
  title = {The Norwegian Earth System Model},
  booktitle = {Transboundary acidification, eutrophication and ground level ozone
	in Europe. EMEP Status Report 1/2010},
  publisher = metno,
  year = {2010},
  pages = {69--79}
}

@INCOLLECTION{Amann:2004,
  author = {Amann, M. and Cofala, J. and Heyes, C. and Klimont, Z. and Sch{\"o}pp,
	W. and Jonson, J.-E. and Simpson, D. and Tarras{\'o}n, L.},
  title = {{ An initial outlook into the future development of fine particulate
	matter in Europe}},
  booktitle = {{Transboundary Particulate Matter in Europe, EMEP Status report 4/2004}},
  publisher = nilu,
  year = {2004},
  pages = {93--120}
}

@INCOLLECTION{R2000:chem,
  author = {Y. Andersson-Sk{\"o}ld and D. Simpson},
  title = { Chemical description of isoprene chemistry: influence on ozone },
  booktitle = {EMEP Report 2/2000, Transboundary Photo-oxidants in Europe},
  publisher = metno,
  year = {2000},
  pages = {10--18},
  file = {:/home/davids/ARCHIVE/Documents/REPORTS/2000/Report_2_2000_part1.pdf:PDF},
  keywords = {QQMy,QQISOP}
}

@TECHREPORT{EU:Chem,
  author = {Andersson-Sk{\"{o}}ld, Y. and Simpson, D.},
  title = {{ Comparison of the chemical schemes of the EMEP MSC-W and the IVL
	photochemical trajectory models}},
  institution = metno,
  year = {1997},
  type = {EMEP MSC-W Note},
  number = {1/97},
  file = {:/home/davids/ARCHIVE/Documents/REPORTS/1997/EMEP_1997_N1.pdf:PDF},
  keywords = {QQMy}
}

@INCOLLECTION{R196:Barrett,
  author = { Barrett, K. and Malik, S. and Simpson, D.},
  title = { Effects of current reduction plans for acidification, eutrophication
	and ground level ozone},
  booktitle = {{EMEP MSC-W Report 1/96, Transboundary air pollution in Europe. Part
	1: calculated fields and budgets of acid deposition and near surface
	ozone}},
  publisher = metno,
  year = {1996},
  editor = {Barrett, K. and Berge, E.},
  pages = {147--152}
}

@INCOLLECTION{R196:Kevin,
  author = { K. Barrett and H. Sandnes},
  title = { Acidifying transboundary air pollution. Calculated field and budgets
	across {E}urope 1985-1995},
  booktitle = {{EMEP MSC-W Report 1/96, Transboundary air pollution in Europe. Part
	1: calculated fields and budgets of acid deposition and near surface
	ozone}},
  publisher = metno,
  year = {1996},
  editor = {Barrett, K. and Berge, E.},
  pages = {59--90}
}

@TECHREPORT{Bartnicki20012,
  author = {J. Bartnicki and A. Gusev and W. Aas and S. Valiaveetil},
  title = {{Atmospheric supply of nitrogen, lead, cadmium, mercury and 
        dioxines/furanes to the Baltic Sea in 2010.EMEP Centres 
        joint report for HELCOM.}},
  institution = {The Norwegian Meteorological Institute, Oslo, Norway},
  year = {2012},
  type = {EEMEP/MSC-W Technical Report 2/2012}
}

@TECHREPORT{Bartnicki:00,
  author = {Bartnicki, J.},
  title = {{Non-linear effects in the source receptor matrices computed with
	the EMEP Eulerian Acid Deposition Model}},
  institution = {The Norwegian Meteorological Institute, Oslo, Norway},
  year = {2000},
  type = {EMEP/MSC-W},
  number = {Note 4/00}
}

@TECHREPORT{Bartnicki:99,
  author = {Bartnicki, J.},
  title = {{Computing Source-Receptor Matrices with the Eulerian Acid Deposition
	Model}},
  institution = {The Norwegian Meteorological Institute, Oslo, Norway},
  year = {1999},
  type = {EMEP/MSC-W},
  number = {Note 5/99}
}

@TECHREPORT{OSPAR:2003,
  author = { Bartnicki, J. and Fagerli, H. },
  title = {{ Atmospheric Supply of Nitrogen to the OSPAR convention Waters}},
  institution = metno,
  year = {2003},
  note = {MSC-W Report 4/2003}
}

@TECHREPORT{HELCOM:2003,
  author = {Bartnicki, J. and Gusev, A. and Barret, K. and Fagerli, H.},
  title = {{ Atmospheric Supply of Nitrogen, Lead, Cadmium, Mercury and Lindane
	to the Baltic Sea in 2001}},
  institution = metno,
  year = {2003},
  type = {EMEP MSC-W Report},
  number = {3/2003}
}

@TECHREPORT{Tarrason97,
  author = {L. Tarras\'{o}n and K. Barrett and L. Erdman and A. Gusev},
  title = {Atmospheric supply of nitrogen, lead and cadmium to the Baltic Sea.},
  institution = metno,
  year = {1997},
  type = {EMEP Summary Medellin Report for 1991-1995 for HELSINKI COMMISION},
  number = {Research report no.58}
}

@TECHREPORT{Bartnicki1998,
  author = {J. Bartnicki and K. Olendrzynski and J. E. Jonson},
  title = {{Description of the Eulerian acid deposition model}},
  institution = {The Norwegian Meteorological Institute, Oslo, Norway},
  year = {1998},
  type = {In {\it Transboundary acidifying air pollution in Europe.} EMEP/MSC-W},
  number = {Status Report 1/98}
}

@TECHREPORT{BartnickiTarrason98,
  author = {Bartnicki, J. and Tarras\'{o}n, L.},
  title = {Comparison of the Lagrangian and the Eulerian model performance},
  institution = {The Norwegian Meteorological Institute, Oslo, Norway},
  year = {1998},
  type = {In {\it Transboundary acidifying air pollution in Europe.} EMEP/MSC-W},
  number = {Status Report 1/98}
}

@TECHREPORT{AnnaMet,
  author = {Benedictow, A.},
  title = {{Documentation and verification of the 1999 PARLAM-PS meteorological
	fields used as input for Eulerian EMEP model}},
  institution = metno,
  year = {2003},
  note = {Research Note no. 111. ( Reports also available for 1980,1985,1995,1999,
	2000 and 2001, see \url{www.emep.int})},
  issn = {0332-9879}
}



@TECHREPORT{parlam_1999,
  author = {Benedictow, A.},
  title = {1999 meteorological fields produced by PARLAM-PS and used as input
	for Eulerian EMEP model. Documentation and characterization},
  institution = metno,
  year = {2002},
  type = { }
}

@TECHREPORT{berge:1993,
  author = {Berge, E.},
  title = {{ Preliminary estimates of sulphur transport and deposition in Europe
	with a regional scale multi-layer Eulerian model}},
  institution = metno,
  year = {1993},
  type = {EMEP MSC-W Note},
  number = {1/93}
}

@MISC{Berge_et_al:WMO,
  author = {E. Berge and H. A. Jakobsen and D. Simpson},
  title = {The requirements of data on atmospheric concentrations and depositions
	for the validation of regional air pollution models},
  year = {1997},
  note = {Presented at EMEP-WMO workshop in Gothenburg 2-4 June 1997, on ``Strategies
	for monitoring of regional air pollution in relation to the need
	within EMEP, GAW and other international bodies''}
}

@TECHREPORT{BergeSS,
  author = { Berge, E. and Styve, H. and Simpson, D. },
  title = {{Status of the emission data at MSC-W}},
  institution = metno,
  year = {1995},
  type = {EMEP MSC-W Report},
  number = {2/95}
}

@TECHREPORT{Berge92,
  author = {{Berge, E. and Tarras{\'o}n, L.}},
  title = {{An evaluation of Eulerian advection methods for the modeling on
	long range transport of air pollution.}},
  institution = metno,
  year = {1992},
  type = {EMEP MSC-W Note},
  number = {2/92}
}

@TECHREPORT{CCC2013:Cavalli,
  author = {Cavalli, F. and Putaud, J.-P. and Yttri, K.E.}, 
  title = {Availability and quality
of the EC and OC measurements within EMEP, including results of the
fourth interlaboratory comparison of analytical methods for carbonaceous
particulate matter within EMEP},
  institution = nilu,
  type = {{EMEP/CCC-Report 1/2013}},
  year = {2013}
}

@TECHREPORT{WEB2011:O3,
  author = { Gauss, M. and Benedictow, A. C. and Hjellbrekke, A.-G.},
  title = { Photo-oxidants: validation and combined maps},
  institution = metno,
  year = {2011},
  type = {Supplementary material to EMEP Status Report 1/2011, available online
	at \url{www.emep.int}},
  booktitle = {{EMEP Unified model performance for acidifying and eutrophying components and photo-oxidants in 2009. Supplementary material to EMEP Status Report 1/11 }}
}

@TECHREPORT{WEB2012:O3,
  author = { Gauss, M. and Benedictow, A. C. and Hjellbrekke, A.-G.},
  title = { Photo-oxidants: validation and combined maps},
  institution = metno,
  year = {2012},
  type = {Supplementary material to EMEP Status Report 1/2012, available online
	at \url{www.emep.int}},
  booktitle = {{EMEP Unified model performance for acidifying and eutrophying components and photo-oxidants in 2010. Supplementary material to EMEP Status Report 1/12 }}
}

@TECHREPORT{WEB2013:O3,
  author = { Gauss, M. and Hjellbrekke, A.-G.},
  title = { Photo-oxidants: validation and combined maps},
  institution = metno,
  year = {2013},
  type = {{Supplementary material to EMEP Status Report 1/2013, available online
	at \url{www.emep.int}}},
  booktitle = {{EMEP Unified model performance for acidifying and eutrophying components and photo-oxidants in 2011. Supplementary material to EMEP Status Report 1/13 }}
}

@TECHREPORT{WEB2011:SN,
  author = { Fagerli, H. and Gauss, M. and Benedictow, A. C. and Steensen, B. M. and Hjellbrekke, A.-G.},
  title = { Acidifying and eutrophying components: validation and combined maps},
  institution = metno,
  year = {2011},
  type = {{Supplementary material to EMEP Status Report 1/2011, available online
	at \url{www.emep.int}}},
  booktitle = {{EMEP Unified model performance for acidifying and eutrophying components and photo-oxidants in 2009. Supplementary material to EMEP Status Report 1/11 }}
}

@TECHREPORT{WEB2012:SN,
  author = { Fagerli, H. and Steensen, B. M. and Hjellbrekke, A.-G.},
  title = { Acidifying and eutrophying components: validation and combined maps},
  institution = metno,
  year = {2012},
  type = {{Supplementary material to EMEP Status Report 1/2012, available online
	at \url{www.emep.int}}},
  booktitle = {{EMEP Unified model performance for acidifying and eutrophying components and photo-oxidants in 2010. Supplementary material to EMEP Status Report 1/12 }}
}

@TECHREPORT{WEB2013:SN,
  author = { Ny\'{\i}ri, {\'A}. and Gauss, M. and Semeena, V. S. and Hjellbrekke, A.-G.},
  title = { Acidifying and eutrophying components: validation and combined maps},
  institution = metno,
  year = {2013},
  type = {{Supplementary material to EMEP Status Report 1/2013, available online
	at \url{www.emep.int}}},
  booktitle = {{EMEP Unified model performance for acidifying and eutrophying components and photo-oxidants in 2011. Supplementary material to EMEP Status Report 1/13 }}
}

@TECHREPORT{WEB2013:Eval,
  author = { Gauss, M. and Ny\'{\i}ri, {\'A}. and  Semeena, V. S. and Hjellbrekke, A.-G.},
  title = {EMEP Unified model performance for acidifying and eutrophying components and photo-oxidants in 2011.},
  institution = metno,
  year = {2013},
  type = {{Supplementary material to EMEP Status Report 1/2013, available online
	at \url{www.emep.int}}}
}

@TECHREPORT{WEB2014:Eval,
   author = { Gauss, M. and Tsyro, S. and Steensen, B. M. and Hjellbrekke, A.-G.},
  title = {EMEP/MSC-W model performance for acidifying and eutrophying components, photo-oxidants and particulate matter in 2012.},
  institution = metno,
  year = {2014},
  type = {{Supplementary material to EMEP Status Report 1/2014, available online
        at \url{www.emep.int}}}
}

@TECHREPORT{WEB2015:Eval,
   author = { Gauss, M. and Tsyro, S. and Benedictow, A. C. and Hjellbrekke, A.-G. and Solberg, S.},
  title = {EMEP/MSC-W model performance for acidifying and eutrophying components, photo-oxidants and particulate matter in 2013.},
  institution = metno,
  year = {2015},
  type = {{Supplementary material to EMEP Status Report 1/2015, available online
        at \url{www.emep.int}}}
}

@TECHREPORT{WEB2016:Eval,
   author = { Gauss, M. and Tsyro, S. and Benedictow, A. and Fagerli, H. and Hjellbrekke, A.-G. and Aas, W. and Solberg, S.},
  title = {EMEP/MSC-W model performance for acidifying and eutrophying components, photo-oxidants and particulate matter in 2014.},
  institution = metno,
  year = {2016},
  type = {{Supplementary material to EMEP Status Report 1/2016, available online
        at \url{www.emep.int}}}
}

@TECHREPORT{WEB2017:Eval,
   author = { Gauss, M. and Tsyro, S. and Fagerli, H. and Hjellbrekke, A.-G. and Aas, W. and Solberg, S.},
  title = {EMEP MSC-W model performance for acidifying and eutrophying components, photo-oxidants and particulate matter in 2015.},
  institution = metno,
  year = {2017},
  type = {{Supplementary material to EMEP Status Report 1/2017, available online
        at \url{www.emep.int}}}
}

@TECHREPORT{WEB2018:Eval,
   author = { Gauss, M. and Tsyro, S. and Fagerli, H. and Hjellbrekke, A.-G. and Aas, W. and Solberg, S.},
  title = {EMEP MSC-W model performance for acidifying and eutrophying components, photo-oxidants and particulate matter in 2016.},
  institution = metno,
  year = {2018},
  type = {{Supplementary material to EMEP Status Report 1/2018, available online
        at \url{www.emep.int}}}
}

@TECHREPORT{WEB2019:Eval,
   author = { Gauss, M. and Tsyro, S. and Fagerli, H. and Hjellbrekke, A.-G. and Aas, W. and Solberg, S.},
  title = {EMEP MSC-W model performance for acidifying and eutrophying components, photo-oxidants and particulate matter in 2017.},
  institution = metno,
  year = {2019},
  type = {{Supplementary material to EMEP Status Report 1/2019, available online
        at \url{www.emep.int}}}
}


@TECHREPORT{WEB2010:O3,
  author = { Berge, H. and Gauss, M. and Hjellbrekke, A.-G.},
  title = { Photo-oxidants: validation and combined maps},
  institution = metno,
  year = {2010},
  type = {Supplementary material to EMEP Status Report 1/2010, available online
	at \url{www.emep.int}},
  booktitle = {{EMEP Unified model performance for acidifying and eutrophying components
	and photo-oxidants in 2008. Supplementary material to EMEP Status
	Report 1/10 }}
}

@TECHREPORT{WEB2010:SN,
  author = { Berge, H. and Hjellbrekke, A.-G.},
  title = { Acidifying and eutrophying components: validation and combined maps},
  institution = metno,
  year = {2010},
  type = {{Supplementary material to EMEP Status Report 1/2010, available online
	at \url{www.emep.int}}},
  booktitle = {{EMEP Unified model performance for acidifying and eutrophying components
	and photo-oxidants in 2008. Supplementary material to EMEP Status
	Report 1/10 }}
}

@TechReport{WEB2009:O3,
  author = { Gauss, M. and Hjellbrekke, A.-G.},
  title  = { Photo-oxidants: validation and combined maps},
  booktitle = {{EMEP Unified model performance for acidifying and eutrophying components and photo-oxidants in 2007. Supplementary material to EMEP Status Report 1/09 }},
  institution = metno,
  year = 2009,
  type = {Supplementary material to EMEP Status Report 1/2009, available online at \url{www.emep.int}},
  number = {}
}

@TechReport{WEB2009:SN,
  author = {Ny\'{\i}ri, \'A. and Hjellbrekke, A.-G.},
  title  = { Acidifying and eutrophying components: validation and combined maps},
  booktitle = {{EMEP Unified model performance for acidifying and eutrophying components and photo-oxidants in 2007. Supplementary material to EMEP Status Report 1/09 }},
  institution = metno,
  year = 2009,
  type = {Supplementary material to EMEP Status Report 1/2009, available online at \url{www.emep.int}},
  number = {}
}

@TECHREPORT{WEB2009,
  author = {{EMEP MSC-W \& CCC }},
  title = {{EMEP Unified model performance for acidifying and eutrophying components and photo-oxidants in 2007. Supplementary material to EMEP Status Report 1/09 }},
  institution = metno,
  year = {2009},
  type = {Supplementary material to EMEP Status Report 1/2009, available online at \url{www.emep.int}},
  number = {}
}

@INCOLLECTION{PM2010:SOA,
  author = {Bergstr\"om, R. and Simpson, D.},
  title = {Organic aerosol modelling in EMEP: Recent Developments},
  booktitle = {{Transboundary Particulate Matter in Europe}},
  publisher = nilu,
  year = {2010},
  number = {Status Report 4/2010},
  type = {EMEP Report},
  pages = {54--58},
  file = {:/home/davids/Documents/EMEP_Reports/2010/emep4_p56_60.pdf:PDF},
  keywords = {QQDS}
}

@TECHREPORT{PARLAM,
  author = { Bj{\o}rge, D. and Sk{\aa}lin, R.},
  title = {{PARLAM - the parallel HIRLAM version at DNMI}},
  institution = metno,
  year = {1995},
  type = {Research Report},
  number = {27},
  issn = {ISSN 0332-9879}
}

@TECHREPORT{R391,
  author = {Builtjes, P.J.H. and Simpson, D. and Zlatev, Z. and Christensen,
	J. and Frohn, T.P. },
  title = {Comparison of three models for long term photochemical oxidants in
	{E}urope},
  institution = metno,
  year = {1991},
  type = {EMEP MSC-W Report},
  number = {3/91},
  editor = {T. Iversen}
}

@INCOLLECTION{CCE2007_LC,
  author = {Cinderby, S. and Emberson, L. and Owen, A. and Ashmore, M.},
  title = {LRTAP land cover map of {E}urope},
  booktitle = {CCE Progress Report 2007},
  publisher = {{Coordination Centre for Effects, RIVM, Bilthoven, The Netherlands}},
  year = {2007},
  pages = {59--70},
  optaddress = {Bilthoven, Netherlands},
  optinstitution = {Coordination Center for Effects}
}

@TECHREPORT{R188,
  author = {A. Eliassen and {\O}. Hov and T. Iversen and J. Saltbones and D.
	Simpson},
  title = {{Estimates of airborne transboundary transport of sulphur and nitrogen
	over Europe}},
  institution = metno,
  year = {1988},
  type = {EMEP MSC-W Report},
  number = {1/88}
}

@TECHREPORT{Emberson:EMEP,
  author = {Emberson, L. and Simpson, D. and Tuovinen, J.-P. and Ashmore, M.R.
	and Cambridge, H.M.},
  title = {Towards a model of ozone deposition and stomatal uptake over {Europe}},
  institution = metno,
  year = {2000},
  type = {EMEP MSC-W Note},
  number = {6/2000},
  file = {:/home/davids/ARCHIVE/Documents/REPORTS/2000/dnmi_note_6_2000.pdf:PDF}
}

@MISC{EMEP1996,
  author = {EMEP},
  title = {{EMEP Manual for sampling and chemical analysis}},
  year = {1996},
  note = {Norwegian Institute for Air Research, Kjeller. {EMEP/CCC-Report
	1995, last revision in 2001. Online at http://www.nilu.no/projects/ccc/manual/index.html}
}}

@TECHREPORT{EMEP1995,
  author = {EMEP},
  title = { Manual for sampling and chemical analyses},
  institution = nilu,
  year = {1995},
  number = { EMEP/CCC-Report 1/95}
}

@TECHREPORT{EMEP2014,
  author = {EMEP},
  title = {Manual for Sampling and Chemical Analyses},
  institution = nilu,
  year = {2014},
  type = {EMEP/CCC Report},
  number = {1/2014},
  URL = {http://www.nilu.no/projects/ccc/manual/index.html}
}

@TECHREPORT{EMEP:PM2013,
  author = {{EMEP CCC \& MSC-W}},
  title = {{Transboundary Particulate Matter in Europe. EMEP Status Report 4/2013}},
  institution = nilu,
  year = {2013},
  type = {EMEP Report},
  number = {4/2013}
}





@TECHREPORT{EMEP:PM2010,
  author = {{EMEP CCC \& MSC-W}},
  title = {{Transboundary Particulate Matter in Europe, Status report 4/2010}},
  institution = nilu,
  year = {2010},
  type = {EMEP Report},
  number = {4/2010}
}

@TECHREPORT{EMEP:PM2009,
  author = {{EMEP CCC \& MSC-W}},
  title = {{Transboundary Particulate Matter in Europe, Status report 4/2009}},
  institution = nilu,
  year = {2009},
  type = {EMEP Report},
  number = {4/2009}
}

@TECHREPORT{EMEP:Verif2009,
  author = {{EMEP MSC-W \& CCC }},
  title = {{EMEP Unified model performance for acidifying and eutrophying components
	and photo-oxidants in 2007. Supplementary material to EMEP Status
	Report 1/09 }},
  institution = metno,
  year = {2009},
  type = {EMEP Report},
  number = {1/2009}
}

@TECHREPORT{R196,
  author = {{EMEP MSC-W}},
  title = {{Transboundary air pollution in Europe. Part 1: calculated fields
	and budgets of acid depostion and near surface ozone}},
  institution = metno,
  year = {1996},
  type = {{EMEP MSC-W} {R}eport},
  number = {1/96},
  editor = {K. Barrett and E. Berge}
}

@BOOK{R2019,
   author = {{EMEP Status Report 1/2019}},
   title = {{Transboundary particulate matter, photo-oxidants, acidifying and eutrophying components}},
   year = {2019},
   publisher = {{EMEP MSC-W \& CCC \& CEIP}},
   note = {{Norwegian Meteorological Institute (EMEP/MSC-W), Oslo, Norway}}
 }

@INCOLLECTION{R2019:ModDev,
  author = {Simpson, D. and Bergstr\"om, R. and Tsyro, S. and Wind, P.},
  title = {Updates to the EMEP MSC-W model, 2018-2019},
  booktitle = {Transboundary particulate matter, photo-oxidants, acidifying and eutrophying components. EMEP Status Report 1/2019},
  publisher = metno,
  year = {2019}
}

@BOOK{R2018,
   author = {{EMEP Status Report 1/2018}},
   title = {{Transboundary particulate matter, photo-oxidants, acidifying and eutrophying components}},
   year = {2018},
   publisher = {{EMEP MSC-W \& CCC \& CEIP}},
   note = {{Norwegian Meteorological Institute (EMEP/MSC-W), Oslo, Norway}}
 }

@INCOLLECTION{R2018:ModDev,
  author = {Simpson, D. and Bergstr\"om, R. and and Gauss, M. and Tsyro, S. and Wind, P. and Valdebenito,  {\'A}},
  title = {Updates to the EMEP MSC-W model, 2017-2018},
  booktitle = {Transboundary particulate matter, photo-oxidants, acidifying and eutrophying components. EMEP Status Report 1/2018},
  publisher = metno,
  year = {2018}
}

@INCOLLECTION{R2018:Ships,
  author = {Jonson, J.E. and and Gauss, M. and Schulz and Ny\'{\i}ri, \'A.},
  title = {Effects of international shipping},
  booktitle = {Transboundary particulate matter, photo-oxidants, acidifying and eutrophying components. EMEP Status Report 1/2018},
  publisher = metno,
  year = {2018}
}

@BOOK{R2017,
   author = {{EMEP Status Report 1/2017}},
   title = {{Transboundary particulate matter, photo-oxidants, acidifying and eutrophying components}},
   year = {2017},
   publisher = {{EMEP MSC-W \& CCC \& CEIP}},
   note = {{Norwegian Meteorological Institute (EMEP/MSC-W), Oslo, Norway}}
 }

@INCOLLECTION{R2017:ModDev,
  author = {Simpson, D. and Bergstr\"om, R. and Imhof, H. and Wind, P.},
  title = {Updates to the EMEP MSC-W model, 2016-2017},
  booktitle = {Transboundary particulate matter, photo-oxidants, acidifying and eutrophying components. EMEP Status Report 1/2017},
  publisher = metno,
  year = {2017}
}

@INCOLLECTION{R2017:EmisEval,
  author = {Solberg, S. and Fagerli, H. and Tsyro, S.},
  title = {EMEP MSC-W model runs using the EMEP emissions in fine resolution - comparison to observations},
  booktitle = {Transboundary particulate matter, photo-oxidants, acidifying and eutrophying components. EMEP Status Report 1/2017},
  publisher = metno,
  year = {2017}
}

@BOOK{R2016,
   author = {{EMEP Status Report 1/2016}},
   title = {{Transboundary particulate matter, photo-oxidants, acidifying and eutrophying components}},
   year = {2016},
   publisher = {{EMEP MSC-W \& CCC \& CEIP}},
   note = {{Norwegian Meteorological Institute (EMEP/MSC-W), Oslo, Norway}}
 }


@INCOLLECTION{R2016:UEMEP,
  author = {Denby, B and Wind, P},
  title = {Development of a downscaling methodology for urban applications (uEMEP)},
  booktitle = {Transboundary particulate matter, photo-oxidants, acidifying and eutrophying components. EMEP Status Report 1/2016},
  pages={75-88},
  publisher = metno,
  year = {2016}
}

@INCOLLECTION{R2016:SHIP,
  author = {Gauss, M. and Jonson, J.E.},
  title = {Emissions from international shipping},
  booktitle = {Transboundary particulate matter, photo-oxidants, acidifying and eutrophying components. EMEP Status Report 1/2016},
  pages={103-109},
  publisher = metno,
  year = {2016}
}

@INCOLLECTION{R2016:ModDev,
  author = {Simpson, D. and Ny\'{\i}ri, A. and Tsyro, S. and Valdebenito, {\'A} and Wind, P.},
  title = {Updates to the EMEP/MSC-W model},
  booktitle = {Transboundary particulate matter, photo-oxidants, acidifying and eutrophying components. EMEP Status Report 1/2016},
  publisher = metno,
  year = {2016}
}

@BOOK{R2015,
   author = {{EMEP Status Report 1/2015}},
   title = {{Transboundary particulate matter, photo-oxidants, acidifying and eutrophying components}},
   year = {2015},
   publisher = {{EMEP MSC-W \& CCC \& CEIP}},
   note = {{Norwegian Meteorological Institute (EMEP/MSC-W), Oslo, Norway}}
 }

@INCOLLECTION{R2015:ModDev,
  author = {Simpson, D. and Tsyro, S. and Wind, P.},
  title = {Updates to the EMEP/MSC-W model},
  booktitle = {Transboundary particulate matter, photo-oxidants, acidifying and eutrophying components. EMEP Status Report 1/2015},
  pages={129-138},
  publisher = metno,
  year = {2015}
}

@INCOLLECTION{R2015:SVOC,
  author = {Simpson, D. and  Denier van der Gon, H.},
  title = {Problematic emissions - particles or gases?},
  booktitle = {Transboundary particulate matter, photo-oxidants, acidifying and eutrophying components. EMEP Status Report 1/2015},
  pages={87-96},
  publisher = metno,
  year = {2015}
}

@INCOLLECTION{R2015:Emis,
  author = {Wankm\"uller, R. and Mareckova, K. and Pinterits, M. and Ullrich, B. and {Denier van der Gon}, H. and Gauss, M. and  Ny\'{\i}ri, \'A},
  title = {Emissions for 2013},
  booktitle = {Transboundary particulate matter, photo-oxidants, acidifying and eutrophying components. EMEP Status Report 1/2015},
  pages={45-62},
  publisher = metno,
  year = {2015}
}

@BOOK{R2014,
   author = {{EMEP Status Report 1/2014}},
   title = {{Transboundary particulate matter, photo-oxidants, acidifying and eutrophying components}},
   year = {2014},
   publisher = {{EMEP MSC-W \& CCC \& CEIP}},
   note = {{Norwegian Meteorological Institute (EMEP/MSC-W), Oslo, Norway}}
 }

@INCOLLECTION{R2014:ImprovedSource,
  author = {Yttri, K. E. and Tsyro, S. and Solberg, S. and Alastuey, A. and Aass, W.},
  title = {Improved Understanding of Sources},
  booktitle = {Transboundary particulate matter, photo-oxidants, acidifying and eutrophying components. EMEP Status Report 1/2014},
  publisher = metno,
  year = {2014}
}

@INCOLLECTION{R2014:Status,
  author = {Fagerli, H. and Solberg, S. and Tsyro, S. and Benedictow, A. and Aas, W. and Hjellbrekke, A.-G. and Posch, M.},
  title = {Status of transboundary pollution in 2012},
  booktitle = {Transboundary particulate matter, photo-oxidants, acidifying and eutrophying components. EMEP Status Report 1/2014},
  publisher = metno,
  year = {2014}
}

@INCOLLECTION{R2014:ModDev,
  author = {Tsyro, S. and Karl, M. and Simpson, D. and Valdebenito, \'A and Wind, P.},
  title = {Updates to the EMEP/MSC-W model},
  booktitle = {Transboundary particulate matter, photo-oxidants, acidifying and eutrophying components. EMEP Status Report 1/2014},
  publisher = metno,
  pages={143-146},
  year = {2014}
}

@INCOLLECTION{R2014:ESX,
  author = {David Simpson and Juha-Pekka Tuovinen},
  title = {{ECLAIRE Ecosystem Surface Exchange model (ESX)}},
  booktitle = {Transboundary particulate matter, photo-oxidants, acidifying and
        eutrophying components. Status Report 1/2014},
  publisher = metno,
  year = {2014},
  pages = {147--154}
}

@INCOLLECTION{R2014:GlobReg,
  author = {Jonson, J.E. and Schulz, M. and Semeena, V. and Fagerli, H. and Griesfeller, J.  and Olivi\'e, D.},
  title = {Global to regional modelling},
  booktitle = {Transboundary particulate matter, photo-oxidants, acidifying and eutrophying components. EMEP Status Report 1/2014},
  publisher = metno,
  year = {2014}
}

@BOOK{R2013,
  author = {{EMEP Status Report 1/2013}},
  title = {{Transboundary acidification, eutrophication and ground level ozone
 	in {Europe} in 2011.}},
  year = {2013},
  publisher = {{EMEP MSC-W \& CCC \& CEIP}},
  note = {{Norwegian Meteorological Institute (EMEP/MSC-W), Oslo, Norway}}
}

@BOOK{R2011,
   author = {{EMEP Status Report 1/2011}},
   title = {{Transboundary Acidification, Eutrophication and Ground Level Ozone
 	in {Europe} in 2009.}},
   year = {2011},
   publisher = {{EMEP MSC-W \& CCC \& CEIP}},
   note = {{Norwegian Meteorological Institute (EMEP/MSC-W), Oslo, Norway}}
 }

@MISC{R2010,
  author = {{EMEP MSC-W}},
  title = {{Transboundary Acidification, Eutrophication and Ground Level Ozone
	in {Europe} in 2008.}},
  year = {2010},
  note = {Norwegian Meteorological Institute, Oslo, Norway},
  number = {1/2010},
  publisher = metno,
  type = {EMEP Status Report}
}

@MISC{R2009,
  author = {{EMEP MSC-W}},
  title = {{Transboundary Acidification, Eutrophication and Ground Level Ozone
	in {Europe} in 2007.}},
  year = {2009},
  note = {Norwegian Meteorological Institute, Oslo, Norway},
  number = {1/2009},
  publisher = metno,
  type = {EMEP Status Report}
}

@MISC{R2007,
  author = {{EMEP MSC-W}},
  title = {{Transboundary Acidification, Eutrophication and Ground Level Ozone
	in {Europe} in 2005.} type = {EMEP Status Report} number= {1/2007}},
  year = {2007},
  file = {:/home/davids/Documents/EMEP_Reports/2007/status_report_1_2007.pdf:PDF},
  publisher = metno
}

@MISC{R2006,
  author = {{EMEP MSC-W}},
  title = {Transboundary Acidification, Eutrophication and Ground Level Ozone
	in {Europe} since 1990 to 2004.},
  year = {2006},
  number = {1/2006},
  publisher = metno,
  type = {EMEP Status Report}
}

@TECHREPORT{EMEP298,
  author = {{EMEP MSC-W}},
  title = {Transboundary photooxidant air pollution in {E}urope. Calculations
	of tropospheric ozone and comparison with observations.},
  institution = {The Norwegian Meteorological Institute, Oslo, Norway},
  year = {1998},
  number = {EMEP MSC-W Report 2/98}
}

@TECHREPORT{EmisInvGuide2009,
  author = {EMEP/EEA},
  title = {{EMEP/EEA air pollutant emission inventory guidebook - 2009}},
  institution = {EEA},
  year = {2009},
  type = {Technical report/2009, {E}uropean {E}nvironment {A}gency, {C}openhagen,
	{D}enmark},
  url = {http://www.eea.europa.eu/publications/emep-eea-emission-inventory-guidebook-2009}
}

@TECHREPORT{EmisInvGuide2013,
  author = {EMEP/EEA},
  title = {{EMEP/EEA air pollutant emission inventory guidebook - 2013}},
  institution = {EEA},
  year = {2013},
  type = {Technical report 12/2013, {E}uropean {E}nvironment {A}gency},
  url = {http://www.eea.europa.eu/publications/emep-eea-guidebook-2013}
}

@TECHREPORT{EmisInvGuide2016,
  author = {EMEP/EEA},
  title = {{EMEP/EEA air pollutant emission inventory guidebook - 2016}},
  institution = {EEA},
  year = {2016},
  type = {Technical report 21/2016, {E}uropean {E}nvironment {A}gency},
  url = {http://www.eea.europa.eu/publications/emep-eea-guidebook-2016}
}

@TECHREPORT{EMEP:AERO,
  author = {{EMEP}},
  title = {{Transboundary particulate matter in Europe}},
  institution = nilu,
  year = {2002},
  number = {EMEP Report 5/2002}
}

@TECHREPORT{R299,
  author = {{EMEP}},
  title = {{Transboundary photooxidants in Europe. EMEP Summary Report 1999}},
  institution = metno,
  year = {1999},
  type = {EMEP Report},
  number = {{2/99}}
}

@MISC{Fahnrich1993,
  author = {F\"ahnrich, B. and Hanssen, JE. and Nodop, K.},
  title = {{Comparison of measuring methods for Nitrogen Dioxide in Ambient
	Air}},
  year = {1993},
  note = {Norwegian Institute for Air Research, Kjeller. EMEP/CCC-Report 3/93.}
}

@TECHREPORT{Thrane1978,
  author = {Thrane, K.E.},
  title = {Report on the first intercomparison of analytical
methods within the EMEP},
  institution = nilu,
  year = {1978},
  type = {EMEP/CCC-Note 2/78},
  note = {http://www.nilu.no/projects/ccc/reports/cccr2-78.pdf}
}

@INCOLLECTION{R2005:SN,
  author = {Fagerli, H.},
  title = {{Acidifying and eutrophying components, status in 2003}},
  booktitle = {{Transboundary Acidification, Eutrophication and Ground Level
	Ozone in Europe. EMEP Status Report 1/2005}},
  publisher = metno,
  year = {2005},
  pages = {9--30},
  opteditor = {Tarras\'on, L.}
}

@INCOLLECTION{R2004:SN,
  author = {H. Fagerli},
  title = {Air concentrations and depositions of acidifying and euthrophying
	components, status 2002},
  booktitle = {Transboundary acidification, eutrophication and ground level ozone
	in Europe. EMEP Status Report 1/2004},
  publisher = metno,
  year = {2004},
  pages = {77--107}
}

@MISC{R2002:Sens,
  author = {H. Fagerli},
  title = {{Sensitivity Tests}},
  year = {2002},
  note = {{In EMEP MSC-W Report 1\&2/2002, Transboundary Acidification, Eutrophication
	and Ground Level Ozone in Europe. EMEP Summary Report 2002. Norwegian
	Meteorological Institute, Oslo, Norway}}
}

@INCOLLECTION{R2008:Intens,
  author = {Fagerli, H. and Aas, W.},
  title = {Using the {EMEP} intensive measurement data to evaluate the performance
	of the {EMEP} model for nitrogen compounds},
  booktitle = {{Transboundary Acidification, Eutrophication and Ground Level
	Ozone in Europe in 2006. EMEP Status Report 1/2008}},
  publisher = metno,
  year = {2008},
  pages = {109--126},
  file = {:/home/davids/Documents/EMEP_Reports/2008/Report2008_01/chapINT.pdf:PDF},
  opteditor = {Tarras\'on, L. and Ny{\'i}ri, {\'A}.}
}

@MISC{R2002:Kz,
  author = {H. Fagerli and A. Eliassen},
  title = {{Modified parameterisation for vertical diffusion}},
  year = {2002},
  note = {{In EMEP MSC-W Report 1\&2/2002, Transboundary Acidification, Eutrophication
	and Ground Level Ozone in Europe. EMEP Summary Report 2002. Norwegian
	Meteorological Institute, Oslo, Norway}},
  pages = {45--52}
}

@INCOLLECTION{R2008:SN,
  author = {Fagerli, H. and Hjellbrekke, A.G.},
  title = {Acidification and Eutrophication},
  booktitle = {Transboundary Acidification, Eutrophication and Ground Level Ozone
	in {E}urope in 2006. {EMEP} Status Report 1/2008},
  publisher = metno,
  year = {2008},
  pages = {41--56},
  file = {:/home/davids/Documents/EMEP_Reports/2008/Report2008_01/chapSN.pdf:PDF},
  opteditor = {Tarras\'on, L. and Ny{\'i}ri, {\'A}.}
}

@INCOLLECTION{R2003:SN,
  author = {Fagerli, H. and Simpson, D. and Aas, W.},
  title = {Model performance for sulphur and nitrogen compounds for the period
	1980 to 2000},
  booktitle = {Transboundary Acidification, Eutrophication and Ground Level Ozone
	in Europe. EMEP Status Report 1/2003, Part II Unified EMEP Model
	Performance},
  publisher = metno,
  year = {2003},
  editor = {Tarras\'on, L.},
  pages = {1--66}
}

@INCOLLECTION{R2004:Updates,
  author = {H. Fagerli and D. Simpson and S. Tsyro},
  title = {{Unified EMEP model: Updates}},
  booktitle = {Transboundary acidification, eutrophication and ground level ozone
	in Europe. EMEP Status Report 1/2004},
  publisher = metno,
  year = {2004},
  pages = {11--18},
  file = {:/home/davids/ARCHIVE/Documents/REPORTS/2004/Report2004_01/chUpdates.pdf:PDF}
}

@INCOLLECTION{R2009:Res,
  author = {Hilde Fagerli and Peter Wind and Michael Gauss and \'Agnes Ny\'{\i}ri
	and David Simpson and Svetlana Tsyro},
  title = {Improved resolution in the {EMEP} model},
  booktitle = {Transboundary Acidification, Eutrophication and Ground Level Ozone
	in Europe in 2007. {EMEP} Status Report 1/2009},
  publisher = metno,
  year = {2009},
  pages = {91--102}
}

@INCOLLECTION{R2008:Res,
  author = {Hilde Fagerli and Peter Wind and Michael Gauss and \'Agnes Ny\'{\i}ri
	and David Simpson and Svetlana Tsyro},
  title = {Improved resolution in {EMEP} models},
  booktitle = {Transboundary Acidification, Eutrophication and Ground Level Ozone
	in Europe in 2006. {EMEP} Status Report 1/2008},
  publisher = metno,
  year = {2008},
  pages = {89--104},
  file = {:/home/davids/Documents/EMEP_Reports/2008/Report2008_01/chapRES.pdf:PDF},
  keywords = {QQMy},
  opteditor = {Tarras\'on, L. and Ny{\'i}ri, {\'A}.}
}

@TECHREPORT{Fjaeraa2010,
  author = { A.M. Fj{\ae}raa and Hjellbrekke, A.-G.},
  title = { Ozone measurements 2010},
  institution = {Norwegian Institute for Air Research, Kjeller, Norway},
  year = {2010},
  number = {EMEP/CCC Report 2/2010}
}

@TECHREPORT{Klein:2018,
  author = {Klein, H. and Gauss, M. and Nyiri, A. and Benedictow, A. C.},
  title = {{Transboundary Data by Main Pollutants (S,N,O3) and PM Country Reports}},
  institution = metno,
  year = {2018},
  number = {{EMEP MSC-W Note 1/2018 Individual Country Reports}},
  note = {Available for 49 countries, at \url{www.emep.int}}
}

@TECHREPORT{Gauss:2014,
  author = {Gauss, M.  and Semeena, V. S.  and Benedictow, A. C. and Klein, H.},
  title = {{Transboundary Data by Main Pollutants (S,N,O3) and PM Country Reports}},
  institution = metno,
  year = {2014},
  number = {{EMEP-MSCW Note 1/2014}},
  note = {Available for 49 countries, at \url{www.emep.int}}
}

@TECHREPORT{Gauss:2015,
  author = {Gauss, M.  and Semeena, V. S.  and Benedictow, A. C. and Klein, H.},
  title = {{Transboundary Data by Main Pollutants (S,N,O3) and PM Country Reports}},
  institution = metno,
  year = {2015},
  number = {{EMEP-MSCW Note 1/2015}},
  note = {Available for 49 countries, at \url{www.emep.int}}
}

@TECHREPORT{Hjellbrekke2014a,
  author = { A.-G. Hjellbrekke},
  title = {Data Report 2012 Acidifying
and eutrophying compounds and particulate matter},
  institution = {Norwegian Institute for Air Research, Kjeller, Norway},
  year = {2014},
  number = {EMEP/CCC Report 3/2014}
}
@TECHREPORT{Hjellbrekke2014b,
  author = { A.-G. Hjellbrekke and S. Solberg},
  title = { Ozone measurements 2012},
  institution = {Norwegian Institute for Air Research, Kjeller, Norway},
  year = {2014},
  number = {EMEP/CCC Report 2/2014}
}

@TECHREPORT{Hjellbrekke2015a,
	author = { A.-G. Hjellbrekke},
	title = {Data Report 2013 Acidifying
	and eutrophying compounds and particulate matter},
	institution = {Norwegian Institute for Air Research, Kjeller, Norway},
	year = {2015},
	number = {EMEP/CCC Report 1/2015}
}
@TECHREPORT{Hjellbrekke2015b,
	author = { A.-G. Hjellbrekke and S. Solberg},
	title = { Ozone measurements 2013},
	institution = {Norwegian Institute for Air Research, Kjeller, Norway},
	year = {2015},
	number = {EMEP/CCC Report 2/2015}
}	
@TECHREPORT{Hjellbrekke2016a,
	author = { A.-G. Hjellbrekke},
	title = {Data Report 2014 Acidifying
	and eutrophying compounds and particulate matter},
	institution = {Norwegian Institute for Air Research, Kjeller, Norway},
	year = {2016},
	number = {EMEP/CCC Report 2/2016}
}
@TECHREPORT{Hjellbrekke2016b,
	author = { A.-G. Hjellbrekke and S. Solberg},
	title = { Ozone measurements 2014},
	institution = {Norwegian Institute for Air Research, Kjeller, Norway},
	year = {2016},
	number = {EMEP/CCC Report 3/2016}
}

@TECHREPORT{Hjellbrekke2017a,
	author = { A.-G. Hjellbrekke},
	title = {Data Report 2015 Acidifying
	and eutrophying compounds and particulate matter},
	institution = {Norwegian Institute for Air Research, Kjeller, Norway},
	year = {2017},
	number = {EMEP/CCC Report 1/2017}
}
@TECHREPORT{Hjellbrekke2017b,
	author = { A.-G. Hjellbrekke and S. Solberg},
	title = { Ozone measurements 2015},
	institution = {Norwegian Institute for Air Research, Kjeller, Norway},
	year = {2017},
	number = {EMEP/CCC Report 2/2017}
}

@TECHREPORT{Hjellbrekke2018a,
	author = { A.-G. Hjellbrekke},
	title = {Data Report 2016 Particulate matter, carbonaceous and inorganic compounds},
	institution = {Norwegian Institute for Air Research, Kjeller, Norway},
	year = {2018},
	number = {EMEP/CCC Report 1/2018}
}
@TECHREPORT{Hjellbrekke2018b,
	author = { A.-G. Hjellbrekke and S. Solberg},
	title = {Ozone measurements 2016},
	institution = {Norwegian Institute for Air Research, Kjeller, Norway},
	year = {2018},
	number = {EMEP/CCC Report 2/2018}
}

@TECHREPORT{Hjellbrekke2019a,
	author = { A.-G. Hjellbrekke},
	title = {Data Report 2017 Particulate matter, carbonaceous and inorganic compounds},
	institution = {Norwegian Institute for Air Research, Kjeller, Norway},
	year = {2019},
	number = {EMEP/CCC Report 1/2019}
}
@TECHREPORT{Hjellbrekke2019b,
	author = { A.-G. Hjellbrekke and S. Solberg},
	title = {Ozone measurements 2017},
	institution = {Norwegian Institute for Air Research, Kjeller, Norway},
	year = {2019},
	number = {EMEP/CCC Report 2/2019}
}


@INCOLLECTION{R2009:SRmet,
  author = {Michael Gauss},
  title = {{The importance of the meteorological driver for Source-Receptor
	Calculations}},
  booktitle = {Transboundary Acidification, Eutrophication and Ground Level Ozone
	in Europe in 2007. {EMEP} Status Report 1/2009},
  publisher = metno,
  year = {2009},
  pages = {81--87}
}

@INCOLLECTION{TN2008:landuse,
  author = {Alexey Gusev and David Simpson},
  title = {Geophysical input data: Land cover and {LAI}},
  booktitle = {Towards the development of a commom {EMEP} global modelling framework},
  publisher = metno,
  year = {2008},
  number = {{EMEP/MSC-W} {T}echnical {R}eport 1/2008},
  pages = {33--43},
  file = {:/home/davids/Documents/EMEP_Reports/2008/emep_technical_1_2008.pdf:PDF},
  keywords = {QQMy},
  opteditor = {Tarras\'on, L. and Gusev, A.}
}

@TECHREPORT{TN2008,
  author = {Gusev, A and Travnikov, O. and Sokovych, V. and T{\o}rseth, K. and
	Gauss, M. and Jonson, J.E. and Ny{\'{\i}}ri, \'A. and Simpson, D.
	and Wind, P. and Tarras{\'o}n, L.},
  title = {Towards the development of a commom {EMEP} global modelling framework},
  year = {2008},
  type = {{EMEP/MSC-W} {T}echnical {R}eport},
  number = {1/2008},
  editor = {Tarras\'on, L. and Gusev, A.},
  file = {:/home/davids/Documents/EMEP_Reports/2008/emep_technical_1_2008.pdf:PDF},
  keywords = {QQMy},
  institution = metno
}

@TECHREPORT{Hjellbrekke:2005,
  author = {A-G. Hjellbrekke},
  title = {Data Report 2003 Acidifying and eutrophying compounds},
  institution = nilu,
  year = {2005},
  type = {EMEP/CCC Report},
  number = {3/2005}
}

@TECHREPORT{Hjellbrekke:2004,
  author = { Hjellbrekke, A.-G. },
  title = {Data Report 2002 Acidifying and eutrophying compounds},
  institution = nilu,
  year = {2004},
  type = {EMEP/CCC Report},
  number = {1/2004}
}

@TECHREPORT{Hjellbrekke:99,
  author = { Hjellbrekke, A.-G. },
  title = { Ozone measurements 1997 },
  institution = nilu,
  year = {1999},
  type = {EMEP/CCC-Report},
  number = {2/99}
}

@TECHREPORT{Hjellbrekke:98,
  author = { Hjellbrekke, A.-G. },
  title = { Ozone measurements 1996 },
  institution = {The Norwegian Institute for Air Research ( NILU), Kjeller, Norway},
  year = {1998},
  number = {EMEP/CCC-Report 3/98}
}

@TECHREPORT{Hjellbrekke:97,
  author = { Hjellbrekke, A.-G. },
  title = { Ozone measurements 1995 },
  institution = nilu,
  year = {1997},
  number = {EMEP/CCC-Report 3/97}
}

@TECHREPORT{Hjellbrekke:96,
  author = { Hjellbrekke, A.-G. },
  title = { Ozone measurements 1993-1994 },
  institution = nilu,
  year = {1996},
  number = { EMEP/CCC-Report 1/96}
}

@TECHREPORT{Hjellbrekke:95,
  author = { Hjellbrekke, A.-G. },
  title = { Ozone measurements 1990-1992 },
  institution = nilu,
  year = {1995},
  number = {EMEP/CCC-Report 4/95}
}

@INCOLLECTION{PM2004:Hjellbrekke,
  author = { A-G. Hjellbrekke and M. Lazaridis and C. Lunder and J. Schaug and
	C. Wehrli and K.E. Yttri and W. Aas },
  title = {{Measurements of particulate matter}},
  booktitle = {{Transboundary Particulate Matter in Europe, EMEP Status report 4/2004}},
  publisher = nilu,
  year = {2004},
  pages = {11--25}
}

@TECHREPORT{Hjellbrekke:1997,
  author = { A.-G. Hjellbrekke and J. Schaug and J. Hanssen and J. E. Skjelmoen},
  title = {{EMEP Co-operative Programme for Monitoring and Evaluation of the
	Long-range Transmission of Air Pollutants in Europe, Data Report
	1995, Part 1: Annual Summaries}},
  institution = nilu,
  year = {1997},
  number = { EMEP/CCC-Report 4/97}
}

@TECHREPORT{NILUO3:2004,
  author = { Hjellbrekke, A.-G. and Solberg, S. },
  title = { Ozone measurements 2002},
  institution = nilu,
  year = {2004},
  number = {EMEP/CCC Report 2/2004}
}

@INCOLLECTION{Iversen:N391,
  author = {T. Iversen},
  title = {Summary: Background and main findings},
  booktitle = {Comparison of three models for long term photochemical oxidants in
	{E}urope},
  publisher = {EMEP MSC-W},
  year = {1991},
  editor = {T. Iversen},
  note = {Report 3/91}
}

@TECHREPORT{Iversen:87,
  author = {Iversen, T. and Nordeng, T. E.},
  title = {A Numerical model suitable for the simulation of a broad class of
	circulation systems on the atmospheric mesoscale},
  institution = nilu,
  year = {1987},
  type = {NILU report},
  number = {2}
}

@TECHREPORT{Jakobsen1995,
  author = {H. A. Jakobsen and E. Berge and T. Iversen and R. Sk{\aa}lin},
  title = {{Status of the development of the multi-layer Eulerian model: a)
	Model description, b) A new method of calculating mixing heights,
	c) Model results for sulphur transport and deposition in Europe for
	1992 in the 50 km grid}},
  institution = metno,
  year = {1995},
  number = {EMEP MSC-W Note 3/95}
}

@TECHREPORT{Jakobsen1997,
  author = {H. A. Jakobsen and J. E. Jonson and E. Berge},
  title = {{The multi-layer Eulerian model: Model description and evaluation
	of transboundary fluxes of sulphur and nitrogen for one year}},
  institution = metno,
  year = {1997},
  number = {Report 2/97}
}

@TECHREPORT{Jakobsen1996,
  author = {H. A. Jakobsen and J. E. Jonson and E. Berge},
  title = {{Transport and deposition calculations of sulphur and nitrogen compounds
	in Europe for 1992 in the 50 km grid by use of the multi-layer Eulerian
	model.}},
  institution = metno,
  year = {1996},
  type = {EMEP/MSC-W},
  number = {Note 2/96}
}

@INCOLLECTION{Jakobsen:Aspenaes,
  author = {H. A. Jakobsen and D. Simpson and G. H{\o}st and X. Dimakos},
  title = {The requirements of data on atmospheric concentrations and depositions
	for the validation of regional air pollution models and models for
	estimation of emissions},
  booktitle = {EMEP/CCC Report 10/97, EMEP-WMO worskhip on strategies for monitoring
	of regional air pollution in relation to the need within EMEP, GAW
	and other international bodies},
  publisher = nilu,
  year = {1997},
  editor = {Schaug, J. and Uhse, K.},
  pages = {57--80}
}

@INCOLLECTION{R2003:SRres,
  author = {Jonson, J.E. and Benedictow, A.},
  title = {{Appendix B}. 2000 {S}ource-Receptor Relationships: Overview by Country},
  booktitle = {{Transboundary Acidification, Eutrophication and Ground Level Ozone
	in Europe. EMEP Status Report 1/2003, Part III Source-Receptor Relationships}},
  publisher = metno,
  year = {2003},
  editor = {Tarras\'on, L.},
  pages = {B:1--B:194}
}

@TECHREPORT{jonson_berge:95,
  author = {Jonson, J.E. and Berge, E.},
  title = {{Some preliminary results on transport and deposition of nitrogen
	compounds by use of multi-layer Eulerian model}},
  institution = {The Norwegian Meteorological Institute, Oslo, Norway},
  year = {1995},
  type = {EMEP/MSC-W},
  number = {Note 1/95}
}

@INCOLLECTION{R2005:CAFE,
  author = {Jonson, J.E. and Cofala, J. and Tarras{\'o}n and Amann, M.},
  title = {Air quality indicators for {CAFE} scenarios},
  booktitle = {EMEP Report 1/2005, Transboundary acidification, eutrophication and
	ground level ozone in Europe in 2003. Status Report 1/2005},
  publisher = metno,
  year = {2005},
  pages = {109--125}
}

@INCOLLECTION{R2002:comp,
  author = {J.E. Jonson and H. Fagerli and D. Simpson and Y. Andersson-Sk{\"{o}}ld
	and {\AA}. Ukkelberg},
  title = {Model evaluation},
  booktitle = {{EMEP Report 1\&2/2002, Transboundary acidification, eutrophication
	and ground level ozone in Europe}},
  publisher = metno,
  year = {2002},
  pages = {15--29}
}

@MISC{Joffen,
  author = {Jonson, J.E. and Jakobsen, H.A. and Berge, E.},
  title = {{Status of the development of the regional scale photo-chemical multi-layer
	Eulerian model}},
  year = {1997},
  note = {{ Norwegian Meteorological Institute, EMEP MSC-W Note 2/97}}
}

@TECHREPORT{Jonson1999b,
  author = {Jonson, J.E. and Simpson, D. and Reis, S. and Sundet, J.K. and Tarras{\'o}n
	L.},
  title = {Model calculations for the year 2010},
  institution = {The Norwegian Meteorological Institute, Oslo, Norway},
  year = {1999},
  type = {In {\it Transboundary photo-oxidant in Europe.} EMEP/MSC-W},
  number = {Status report 2/99}
}

@INCOLLECTION{R2004:O3,
  author = {Jonson, J.E. and Solberg, S. and Simpson, D.},
  title = {Photo-oxidants},
  booktitle = {Transboundary acidification, eutrophication and ground level ozone
	in Europe. EMEP Status Report 1/2004},
  publisher = metno,
  year = {2004},
  pages = {109--138}
}

@TECHREPORT{Jonson_Global,
  author = {Jonson, J.E. and Tarras{\'o}n, L. and Wind, P. and Gauss, M. and
	Valiyaveetil, S.S and Tsyro, S. and Klein, H. and Isaksen, I.S.A.
	and Benedictow, A.},
  title = {First evaluation of the global {EMEP} model with comparison with
	the global {Oslo CTM2} model},
  year = {2007},
  type = {{EMEP/MSC-W {T}echnical {R}eport}},
  number = {2/2007},
  publisher = metno
}

@TECHREPORT{Jonsonetal2006,
  author = {Jonson, J.E. and Wind, P. and Gauss, M. and Tsyro, S. and S{\o}vde,
	A. and Klein, H. and Isaksen, I.S.A. and Tarras{\'o}n, L.},
  title = {{First results from the hemispheric EMEP model and comparison with
	the global Oslo CTM2 model}},
  year = {2006},
  type = {{EMEP/MSC-W {T}echnical {R}eport}},
  number = {2/2006}
}

@INCOLLECTION{R2003:ECO,
  author = {Jonson, J. E. and Simpson, D. and Tarras{\'o}n, L.},
  title = {{Depositions to ecosystems and exceedances of critical loads}},
  booktitle = {{Transboundary Acidification, Eutrophication and Ground Level
	Ozone in Europe. EMEP Status Report 1/2003, Part III Source-Receptor
	Relationships}},
  publisher = metno,
  year = {2003},
  editor = {Tarras{\'o}n, L.},
  pages = {21--34}
}

@TECHREPORT{Jonson2007,
  author = {Jonson, J. E. and Tarras\'on, L. and Wind, P. and Gauss, M. and Valiyaveetil,
	S. and Tsyro, S. and Klein, H. and Isaksen, I. S. A. and Benedictow,
	A.},
  title = {First evaluation of the global EMEP model and comparison with the
	global Oslo-CTM2 model},
  institution = {The Norwegian Meteorological Institute, Oslo, Norway},
  year = {2007},
  type = {EMEP/MSC-W Tech. Rep.},
  number = {2/2007}
}

@TECHREPORT{Jonson:ships,
  author = {J. E. Jonson and L Tarras{\'o}n and J. Bartnicki},
  title = {{Effects of international shipping on European pollution levels}},
  institution = metno,
  year = {2000},
  number = {EMEP MSC-W Note 5/00}
}

@INCOLLECTION{Jonson1998,
  author = {J. E. Jonson and L. Tarras{\'o}n and J.K. Sundet and T. Berntsen
	and S. Unger},
  title = {{The Eulerian 3-D oxidant model: Status and evaluation for summer
	1996 results and case-studies}},
  booktitle = {{EMEP MSC-W Report 2/98. Transboundary photo-oxidant air pollution
	in Europe}},
  publisher = metno,
  year = {1998},
  pages = {31--56}
}

@TECHREPORT{TN2010,
  author = {J. E. Jonson and O. Travnikov and M. Gauss and A. Gusev and I. Iyin
	and S. Valiyaveetil and A. Valdebenito and P. Wind and V. Sokovykh
	and V. Shatalov and C.-J. Lin and A. Dastoor and M. MacLeod and A.
	Hollander},
  title = {Development of the {EMEP} global modelling framework: Progress report},
  institution = metno,
  year = {2010},
  type = {{EMEP/MSC-W} Technical Report},
  number = {1/2010}
}

@TECHREPORT{Jonsonwind2010,
  author = {Jonson, J. E. and Wind, P. and Valiyaveetil, S. and Gauss, M.},
  title = {The Unified EMEP model: Extension from limited area versions and
	the aditional parameterization of convection},
  institution = metno,
  year = {2010},
  type = {EMEP/MSC-W Technical Report},
  number = {1/2010},
  booktitle = {Development of the EMEP global modelling framework: Progress report,
	Joint MSC-W/MSC-E Report},
  pages = {14-31}
}


@TECHREPORT{Jonson2012,
  author = {J.E. Jonson and S.S. Valiyaveetil and M. Schulz},
  title = {Global and nested regional calculations: Comparing model 
           results for Europe},
  institution = {The Norwegian Meteorological Institute, Oslo, Norway},
  TYPE  = "In {\it Development of the EMEP global modeling 
           framework: Progress report}", 
  NUMBER= "EMEP/MSC-W Tech. Rep. 1/2012, {URL}: www.emep.int ",
  year = {2012},
  publisher = metno
}

@TECHREPORT{Klein:2004,
  author = {Klein, H. and Wind, P. and van Loon, M.},
  title = {{Transboundary Data by Main Pollutants (S,N,O3) and PM Country Reports}},
  institution = metno,
  year = {2004},
  number = {{EMEP-MSCW Note 1/2004}},
  note = {Available for 44 countries, at \url{www.emep.int}}
}

@TECHREPORT{Laurila2004b,
  author = {Laurila, T. and Jonson, J.E. and Tuovinen, J.P.},
  title = {{Ozone exposure scenarios in the Nordic countries during the 21'st
	century}},
  institution = {The Norwegian Meteorological Institute, Oslo, Norway},
  year = {2004},
  type = {EMEP/MSC-W},
  number = {Report 2/2004}
}

@MISC{Lazaridis_et_al:1999,
  author = {M. Lazaridis and A. Semb and {\O}. Hov},
  title = {Long-range transport of aerosol particles. A literature review},
  year = {1999},
  note = {Norwegian Institute for Air Research (NILU), Kjeller, Norway, EMEP/CCC-Report
	8/99}
}

@TECHREPORT{R100:Lazaridis,
  author = {M. Lazaridis and L. Tarras{\'o}n and A. Semb and S. Tsyro and J.
	Pacyna and D. Simpson and {\O} Hov and K. Olendrzy\'{n}ski and S.
	Larssen and Y. Andersson-Sk{\"{o}}ld },
  title = {{Status report with respect to measurements, modelling and emissions
	of particulate matter in EMEP. An integrated approach}},
  institution = { {N}orwegian {I}nstitute for {A}ir {R}esearch and {N}orwegian {M}eteorological
	{I}nstitute, {O}slo, {N}orway},
  year = {2000},
  number = {EMEP Rep. 5/00}
}

@TECHREPORT{EMEP:met,
  author = {Hilde Sandnes Lenschow and Svetlana Tsyro},
  title = {Meteorological input data for EMEP/MSC-W air pollution models},
  institution = metno,
  year = {2000},
  type = {EMEP MSC-W Note},
  number = {2/2000}
}

@TECHREPORT{MVL:Cations,
  author = {van Loon, M. and Tarrason, L. and Posch, M.},
  title = {Modeling base cations in {Europe}},
  institution = metno,
  year = {2005},
  type = {{EMEP-MSCW Note 2/2005}}
}

@INCOLLECTION{R2005:SA,
  author = {van Loon, M. and Wind, P. and Tarrason, L.},
  title = {{Meteorological variability in source allocation: Transboundary contributions
	across Europe}},
  booktitle = {{Transboundary Acidification, Eutrophication and Ground Level
	Ozone in Europe. EMEP Status Report 1/2005}},
  publisher = metno,
  year = {2005},
  pages = {89--107},
  opteditor = {Tarras\'on, L.}
}

@TECHREPORT{Malik,
  author = { Malik, S. and Simpson, D. and Hjellbrekke, A.-G. and ApSimon, H.},
  title = {{ Photochemical model calculations over Europe for summer 1990. Model
	results and comparison with observations}},
  institution = metno,
  year = {1996},
  type = {EMEP MSC-W Report},
  number = {2/96}
}

@TECHREPORT{CEIP2008,
  author = {Mareckova, K. and Wankm\"uller, R. and Anderl, M. and Muik, B. and
	Poupa, S. and Wiesser, M.},
  title = {{Inventory review 2008. Emission data reported under the LRTAP Convention
	and NEC Directive. Stage 1 and 2 review. Status of gridded data}},
  institution = {EEA/CEIP Vienna },
  year = {2008},
  type = {EMEP/CEIP Technical Report},
  number = {1/2008}
}

@TECHREPORT{CEIP2009,
  author = {Mareckova, K. and Wankm\"uller, R. and Wiesser, M. and Poupa, S.
	and Anderl, M. and Muik, B.},
  title = {{Inventory review 2009. Emission data reported under the LRTAP Convention
	and NEC Directive. Stage 1 and 2 review. Status of gridded data}},
  institution = {EEA/CEIP Vienna },
  year = {2009},
  type = {EMEP/CEIP Technical Report},
  number = {1/2009}
}

@TECHREPORT{CEIP2010,
  author = {Mareckova, K. and Wankm\"uller, R. and Pazdernik, K. and Purzner, M. and Zechmeister, A. and
        Joebstl, R. and Adams, M.},
  title = {{Inventory Review 2010. Review of emission data reported under the LRTAP Convention
        and NEC Directive. Stage 1 and 2 review. Status of gridded data and LPS data}},
  institution = {EEA/CEIP Vienna },
  year = {2010},
  type = {EMEP/CEIP Technical Report},
  number = {1/2010}
}

@TECHREPORT{CEIP2011,
  author = {Mareckova, K. and Wankm\"uller, R. and Pazdernik, K. and Purzner, M. and Zechmeister, A. and Joebstl, R. and Adams, M.},
  title = {{Inventory Review 2011. Review of emission data reported under the LRTAP Convention
        and NEC Directive. Stage 1 and 2 review. Status of gridded data and LPS data}},
  institution = {EEA/CEIP Vienna },
  year = {2011},
  type = {EMEP/CEIP Technical Report},
  number = {1/2011}
}

@TECHREPORT{CEIP2012,
  author = {Mareckova, K. and Wankm\"uller, R. and Whiting, R. and Pinterits, M. },
  title = {{Inventory Review 2012 stage 1 and 2 and review of gridded data}},
  institution = {EEA/CEIP Vienna },
  year = {2012},
  type = {EMEP/CEIP Technical Report},
  number = {1/2012}
}

@TECHREPORT{CEIP2013,
  author = {Mareckova, K. and Wankm\"uller, R. and Pinterits, M. and Moosman, L.},
  title = {{Inventory review 2013 stage 1 and 2 and review of gridded data}},
  institution = {EEA/CEIP Vienna },
  year = {2013},
  type = {EMEP/CEIP Technical Report},
  number = {1/2013}
}

@TECHREPORT{CEIP2014,
  author = {Mareckova, K. and Wankm\"uller, R. and Moosman, L. and Pinterits, M.  and Tista, M.},
  title = {{Inventory review 2014. Review of emission data reported under the LRTAP Convention and NEC Directive.  Stage 1 and 2 review. Status of gridded and LPS data}},
  institution = {EEA/CEIP Vienna },
  year = {2014},
  type = {EMEP/CEIP Technical Report},
  number = {1/2014}
}

@TECHREPORT{CEIP2015,
  author = {Mareckova, K. and Wankm\"uller, R. and Pinterits, M. and Ullrich, B.},
  title = {{Inventory review 2015. Review of emission data reported under the LRTAP Convention and NEC Directive.  Stage 1 and 2 review. Status of gridded and LPS data}},
  institution = {EEA/CEIP Vienna },
  year = {2015},
  type = {EMEP/CEIP Technical Report},
  number = {1/2015}
}

@TECHREPORT{CEIP2016,
  author = {Mareckova, K.  and Pinterits, M. and Tista, M. and Wankm\"uller, R.},
  title = {{Inventory review 2016. Review of emission data reported under the LRTAP Convention and NEC Directive.  Stage 1 and 2 review.  Status of gridded and LPS data}},
  institution = {EEA/CEIP Vienna },
  year = {2016},
  type = {EMEP/CEIP Technical Report},
  number = {1/2016}
}

@TECHREPORT{CEIP2017,
  author = {Mareckova, K.  and Pinterits, M. and Tista, M. and Ullrich, B. and Wankm\"uller, R.},
  title = {{Inventory review 2017. Review of emission data reported under the LRTAP Convention and NEC Directive.  Stage 1 and 2 review.  Status of gridded and LPS data}},
  institution = {EEA/CEIP Vienna },
  year = {2017},
  type = {EMEP/CEIP Technical Report},
  number = {1/2017}
}

@TECHREPORT{CEIP2018,
  author = {Burgstaller, J. and Mareckova, K.  and Pinterits, M. and Tista, M. and Ullrich, B. and Wankm\"uller, R.},
  title = {{Inventory review 2018. Review of emission data reported under the LRTAP Convention and NEC Directive.  Stage 1 and 2 review.  Status of gridded and LPS data}},
  institution = {EEA/CEIP Vienna },
  year = {2018},
  type = {EMEP/CEIP Technical Report},
  number = {4/2018}
}

@TECHREPORT{CEIP2019,
  author = {Pinterits, M. and Ullrich, B. and Gaisbauer, S. and Mareckova, K.  and  Wankm\"uller, R.},
  title = {{Inventory review 2019. Review of emission data reported under the LRTAP Convention and NEC Directive.  Stage 1 and 2 review.  Status of gridded and LPS data}},
  institution = {CEIP/EEA Vienna },
  year = {2019},
  type = {EMEP/CEIP Technical Report},
  number = {4/2019}
}

@TECHREPORT{McDonald1994,
  author = {A. McDonald},
  title = {{The HIRLAM two time level, three dimensional, semi-Lagrangian, semi-implicit,
	limited area, grid point model of the primitive equations}},
  institution = {Swedish Meteorological and Hydrolodical Institute, S- 601 76 Norrk{\"{o}}ping,
	Sweden},
  year = {1994},
  number = {HIRLAM Tech. Rep. 17}
}

@MISC{Merlin:01,
  author = {MERLIN},
  title = {{Multi-Pollutant Multi-Effect Modeling of European Air Pollution
	Control Strategies - an Integrated Approach}},
  year = {2001},
  note = {\url{http://www.ier.uni-stuttgart.de/public/merlin/}}
}

@INCOLLECTION{R2010:Fluxes,
  author = {Mills, G. and Simpson, D.},
  title = {New flux-based critical levels for ozone-efefcts on vegetation},
  booktitle = {Transboundary acidification, eutrophication and ground level 
      ozone in Europe. EMEP Status Report 1/2010},
  publisher = metno,
  year = {2010},
  pages = {123--126}
}

@MISC{Mous:DGXI,
  author = {N. Moussiopoulos and P. Sahm and P.M. Tourlou and R. Friedrich and
	B. Wickert and S. Reis and D. Simpson},
  title = {Technical expertise in the context of the {C}ommission's {C}ommunication
	on an {O}zone {S}trategy},
  year = {1998},
  note = {Final report to European Commission DGXI. Contract B4-3040/98/000052/MAR/D3}
}

@MISC{EU:EZM,
  author = { Moussiopoulos, N. and Tourlou, P.-M. and Sahm, P. and Karatzas,
	K.},
  title = {Three dimensional Local Scale Modelling of Ozone in {E}urope: calculations
	for the {EU} {A}uto {O}il programme},
  year = {1996},
  note = { Final Report of the {A}ristotle {U}niversity of {T}hessaloniki}
}

@MISC{R198,
  author = {{MSC-W}},
  title = {Transboundary acidifying air pollution in {E}urope. Estimated dispersion
	of acidifying and eutrophying compounds and comparison with observations.
	MSC-W Status Report 1998},
  year = {1998},
  note = {MSC-W Report 1/98},
  institution = { {N}orwegian {M}eteorological {I}nstitute, {O}slo, {N}orway}
}

@INCOLLECTION{R196:Sophia,
  author = { S. Mylona},
  title = {Emissions data},
  booktitle = {{EMEP MSC-W Report 1/96, Transboundary air pollution in Europe. Part
	1: calculated fields and budgets of acid deposition and near surface
	ozone}},
  publisher = metno,
  year = {1996},
  editor = {Barrett, K. and Berge, E.},
  pages = {25--56}
}

@TECHREPORT{Mylona1999,
  author = {S. Mylona },
  title = {{EMEP emission data: Status report 1999}},
  institution = metno,
  year = {1999},
  type = {EMEP/MSC-W},
  number = {Note 1/99}
}

@TECHREPORT{R198:Mylona,
  author = {Mylona, S.},
  title = { Emissions data.},
  institution = {EMEP MSC-W, The Norwegian Meteorological Institute, Oslo, Norway},
  year = {1998}
}

@INCOLLECTION{R2009:stat09,
  author = {\'Agnes Ny\'{\i}ri and Michael Gauss and Anna Benedictow and Katarina
	Mareckova and Robert Wankm\"uller},
  title = {Status of transboundary pollution in 2007},
  booktitle = {Transboundary Acidification, Eutrophication and Ground Level Ozone
	in Europe in 2009. {EMEP} Status Report 1/2009},
  publisher = metno,
  year = {2009},
  pages = {19--38}
}

@TECHREPORT{N300,
  author = {K. Olendrzy\'{n}ski},
  title = {{Performance of the EMEP Eulerian Acid Deposition Model for 1998}},
  institution = {The Norwegian Meteorological Institute, Oslo, Norway},
  year = {2000},
  note = {EMEP/MSC-W Note 3/00}
}

@MISC{R197:Krystof,
  author = { K. Olendrzy\'{n}ski},
  title = { Emissions},
  year = {1997},
  note = {In EMEP MSC-W Report 1/97, "Transboundary air pollution in {E}urope.
	{P}art 1: Emissions, dispersion and trends of acidifying and eutrophying
	agents, ed. E. Berge},
  institution = nilu
}

@TECHREPORT{Olend1998,
  author = {K. Olendrzy\'{n}ski and J. Bartnicki and J. E. Jonson},
  title = {{Performance of the Eulerian acid deposition model}},
  institution = {The Norwegian Meteorological Institute, Oslo, Norway},
  year = {1998},
  type = {In {\it Transboundary acidifying air pollution in Europe.} EMEP/MSC-W},
  number = {Status Report 1/98 Part 1}
}

@TECHREPORT{Schaug:98,
  author = {Schaug, J. and Semb, A. and Hjellbrekke, A.-G.},
  title = {{Data quality 1996, quality assurance, and field comaprisons}},
  institution = nilu,
  year = {1998},
  type = {EMEP/CCC Report},
  number = {6/98}
}

@TECHREPORT{Schaug2001,
  author = {J. Schaug and S. Solberg and W. Aas},
  title = {{EMEP measurement data quality}},
  institution = {CCC\&ciam\&msc-w},
  year = {2001},
  type = {In {\it Transboundary acidification, eutrophication and ground level
	ozone in Europe}},
  number = {Status Report 1/2001}
}

@TECHREPORT{Seland95,
  author = {Seland, O. and van Pul, A. and Sorteberg, A. and Tuovinen, J.-P.},
  title = {Implementation of a Resistance Dry Deposition Module and a Variable
	Local Correction Factor in the Lagrangian {EMEP} Model},
  institution = {EMEP MSC-W, Norwegian Meteorological Institute, Oslo, Norway},
  year = {1995},
  number = {EMEP Note 2/95}
}

@MISC{Semb:1997,
  author = {Semb, A.},
  title = {Historical emission of nitrogen oxides {E}urope},
  year = {1997},
  note = {Norwegian Institute for Air Research, Kjeller, Norway, in preperation}
}

@MISC{Semb_and_Amble:1981,
  author = {Semb, A. and Amble, E.},
  title = {Emission of nitrogen oxides from fossil fuel combustion in {E}urope},
  year = {1981},
  note = {Norwegian Institute for Air Research, Kjeller, Norway, NILU Report
	TN 13/81}
}

@INCOLLECTION{R2009:SR,
  author = {Semeena, V.~S. and Ny\'{\i}ri, A. and Valdebenito, A. and Simpson,
	D. and Fagerli, H.},
  title = {Trends and impact of meteorology in source allocation of pollutants
	over Europe},
  booktitle = {Transboundary Acidification, Eutrophication and Ground Level Ozone
	in {E}urope in 2007. {EMEP} Status Report 1/2009},
  publisher = metno,
  year = {2009}
}

@INPROCEEDINGS{Simpson:1992R,
  author = {Simpson, D.},
  title = { Volatile Organic Compounds. Spatial gridding and VOC emissions},
  booktitle = {Proceedings of the First Meeting of the Task Force on Emission Inventories,
	London, United Kingdom, 5-7 May 1992},
  year = {1992},
  editor = { G. McInnes and J. M. Pacyna and H. Dovland},
  pages = {146},
  publisher = nilu
}

@INCOLLECTION{Simpson:NORSAC93,
  author = {D. Simpson},
  title = {Biogenic {VOC} emissions in {Europe}: Modelling the implications
	for ozone and control policies},
  booktitle = {Third Nordic Symposium on Atmospheric Chemistry. Proceedings of NORSAC'93},
  publisher = nilu,
  year = {1994},
  editor = {Clau J\orgen Nielson},
  number = {OR 20/94},
  pages = {216--221},
  keywords = {QQMy}
}

@INPROCEEDINGS{Simpson:1991R,
  author = {Simpson, D.},
  title = { Application of emissions data in modelling - with particular reference
	to photochemical oxidant models.},
  booktitle = {{EMEP} Workshop on emission inventory techniques, {R}egensburg, {G}ermany,
	2-5 {J}uly, 1991},
  year = {1991},
  editor = { J. M. Pacyna and K.E. Joerss},
  pages = {165-179},
  publisher = {Norwegian Institute for Air Research, Kjeller, Norway}
}

@INCOLLECTION{Simpson:PM2007,
  author = {Simpson, D.},
  title = {Modelling carbonaceous aerosol over {Europe}. Recent results and
	status},
  booktitle = {Transboundary Particulate Matter in {Europe, EMEP} Status report
	4/2007},
  publisher = nilu,
  year = {2007},
  editor = {Yttri, K.E. and Aas, W.},
  pages = {63--68}
}

@INCOLLECTION{Simpson:PM2006,
  author = {Simpson, D.},
  title = {Modelling carbonaceous aerosol},
  booktitle = {Transboundary Particulate Matter in {Europe, EMEP} Status report
	4/2007},
  publisher = nilu,
  year = {2006},
  editor = {Yttri, K.E. and Aas, W.},
  pages = {79--84}
}

@MISC{R2007:RSoc,
  author = {David Simpson},
  title = {Contribution to the {Royal Society} study on ground-level ozone},
  year = {2007},
  booktitle = {Transboundary Acidification, Eutrophication and Ground Level Ozone
	in {Europe} in 2005},
  number = {1/2007},
  pages = {91-99},
  publisher = metno,
  type = {EMEP Status Report}
}

@INCOLLECTION{R2006:O3,
  author = {David Simpson},
  title = {Ozone},
  booktitle = {Transboundary Acidification, Eutrophication and Ground Level Ozone
	in {Europe} since 1990 to 2004, EMEP Status Report 1/2006},
  publisher = metno,
  year = {2006},
  pages = {53-62}
}

@INCOLLECTION{R2000:sr,
  author = {D. Simpson},
  title = { Source-receptor calculations},
  booktitle = {EMEP Report 2/2000, Transboundary Photo-oxidants in Europe},
  publisher = metno,
  year = {2000},
  pages = {43--51}
}

@TECHREPORT{ESIG,
  author = {D. Simpson},
  title = {Source-receptor relationships for the Year 2010: Calculations with
	the {EMEP MSC-W} oxidant model. Report of work carried out for the
	European Solvent Industry Group},
  institution = metno,
  year = {1997}
}

@MISC{S94pI,
  author = {D. Simpson},
  title = {Biogenic {VOC} in {E}urope. {Part} {I}: {e}missions and uncertainties},
  year = {1994},
  note = { {N}orwegian {M}eteorological {I}nstitute, {EMEP MSC-W} {N}ote 5/94}
}

@MISC{N192,
  author = { Simpson, D.},
  title = { Long period modelling of photochemical oxidants in {E}urope. A)
	Hydrocarbon reactivity and ozone formation in {E}urope B) On the
	linearity of country-to-country ozone calculations in {E}urope},
  year = {1992},
  note = { {N}orwegian {M}eteorological {I}nstitute, {EMEP MSC-W} {N}ote 1/92}
}

@MISC{TROLL,
  author = {D. Simpson},
  title = {Modelling the effect of {NO}x and {VOC} emissions from the {TROLL}
	field on ozone concentrations in {E}urope, {P}art {B}: {VOC}},
  year = {1992},
  note = {Norwegian Meteorological Institute, Oslo, 1992}
}

@MISC{N191,
  author = { Simpson, D.},
  title = { Long period modelling of photochemical oxidants in {E}urope. {S}ome
	properties of targeted {VOC} emission reductions},
  year = {1991},
  note = { {N}orwegian {M}eteorological {I}nstitute, {EMEP MSC-W} {N}ote 1/91}
}

@INCOLLECTION{R298:Lag,
  author = {D. Simpson and J. Altenstedt and A.G. Hjellbrekke},
  title = {{The Lagrangian oxidant model: status and multi-annual evaluation}},
  booktitle = {{EMEP MSC-W Report 2/98, Part I Transboundary photooxidant air pollution
	in Europe. Calculations of tropospheric ozone and comparison with
	observations}},
  publisher = metno,
  year = {1998},
  pages = {5--30}
}

@MISC{EU:DNMI,
  author = {D. Simpson and Y. Andersson-Sk{\"o}ld},
  title = {Regional and Local Scale Modelling of Ozone in {E}urope: calculations
	for the {EU} {A}uto {O}il programme},
  year = {1997},
  note = {Norwegian Meteorological Institute, Oslo, Research Report No. 47}
}

@MISC{EU:SA,
  author = {D. Simpson and Y. Andersson-Sk{\"o}ld},
  title = {Regional and Local Scale Modelling of Ozone in {E}urope: calculations
	for the {EU} {A}uto {O}il programme},
  year = {1996},
  note = {Final report to Auto/Oil project},
  institution = {Norwegian Meteorological Institute, Oslo, Norway}
}

@TECHREPORT{SAJ,
  author = {Simpson, D. and Andersson-Sk{\"{o}}ld, Y. and Jenkin, M. E.},
  title = { Updating the chemical scheme for the {EMEP MSC-W} oxidant model
	: current status},
  institution = metno,
  year = {1993},
  type = {EMEP MSC-W Note},
  number = {2/93}
}

@INCOLLECTION{R2002:dep,
  author = {Simpson, D. and Ashmore, M.R. and Emberson, L.D. and Tuovinen, J.P.
	and MacDougall, M. and Smith, R.I.},
  title = {{Stomatal Ozone Uptake over Europe: Preliminary Results}},
  booktitle = {{EMEP Report 1\&2/2002, Transboundary acidification, eutrophication
	and ground level ozone in Europe}},
  publisher = metno,
  year = {2002},
  pages = {63--72}
}

@INCOLLECTION{SB91,
  author = {D. Simpson and Builtjes, P.J.H. },
  title = {{Intercomparison of the EMEP MSC-W and LOTOS model results}},
  booktitle = {{EMEP MSC-W Report 3/91, Comparison of three models for long term
	photochemical oxidants in Europe}},
  publisher = metno,
  year = {1991},
  editor = {T. Iversen}
}

@MISC{ITER,
  author = { Simpson, D. and Eliassen, A.},
  title = { Control strategies for ozone and acid deposition - an iterative
	approach},
  year = {1997},
  note = {EMEP MSC-W Note 5/97},
  institution = { {N}orwegian {M}eteorological {I}nstitute, {O}slo, {N}orway}
}

@INCOLLECTION{R2006:Flux,
  author = {David Simpson and Lisa Emberson},
  title = {Ozone fluxes - Updates},
  booktitle = {Transboundary Acidification, Eutrophication and Ground Level Ozone
	in {Europe} since 1990 to 2004.},
  publisher = metno,
  year = {2006},
  number = {1/2006},
  type = {EMEP Status Report},
  pages = {63-79},
  file = {:/home/davids/Documents/EMEP_Reports/2006/Report2006_01/chFLux.pdf:PDF}
}

@INCOLLECTION{R2000:dep,
  author = {D. Simpson and L. Emberson and J.P. Tuovinen and M. Ashmore},
  title = { Ozone deposition and stomatal flux modelling },
  booktitle = {EMEP Report 2/2000, Transboundary Photo-oxidants in {E}urope},
  publisher = metno,
  year = {2000},
  pages = {5--9}
}

@INCOLLECTION{R2002:uni,
  author = {Simpson, D. and Fagerli, H. and Jonson, J.E. and Tsyro, S. and Wind,
	P.},
  title = {{The Unified EMEP Modelling System}},
  booktitle = {{EMEP Report 1\&2/2002, Transboundary acidification, eutrophication
	and ground level ozone in Europe}},
  publisher = metno,
  year = {2002},
  pages = {5-13}
}

@TECHREPORT{Unimod:Doc,
  author = {Simpson, D. and Fagerli, H. and Jonson, J.E. and Tsyro, S. and Wind,
	P. and Tuovinen, J.-P.},
  title = {{The EMEP Unified Eulerian Model. Model Description}},
  institution = metno,
  year = {2003},
  type = {EMEP MSC-W Report},
  number = {1/2003},
  file = {:/home/davids/Documents/EMEP_Reports/2003/emep_report_1_part1_2003.pdf:PDF}
}

@INCOLLECTION{R2003:Res,
  author = {D. Simpson and H. Fagerli and S. Solberg and W. {\AA}s},
  title = {Photo-oxidants},
  booktitle = {EMEP Report 1/2003, Transboundary acidification, eutrophication and
	ground level ozone in Europe},
  publisher = metno,
  year = {2003},
  pages = {67--102}
}

@INCOLLECTION{R2003:O3,
  author = {Simpson, D. and Fagerli, H. and Solberg, S. and Aas, W.},
  title = {{Photo-oxidants}},
  booktitle = {{Transboundary Acidification, Eutrophication and Ground Level Ozone
	in Europe. EMEP Status Report 1/2003, Part II Unified EMEP Model
	Performance}},
  publisher = metno,
  year = {2003},
  editor = {Tarras{\'o}n, L.},
  pages = {67--104}
}

@INCOLLECTION{R2008:O3,
  author = {Simpson, D. and Hjellbrekke, A.G.},
  title = {Photo-oxidants: validation and combined maps},
  booktitle = {Transboundary Acidification, Eutrophication and Ground Level Ozone
	in Europe in 2006. {EMEP} Status Report 1/2008},
  publisher = metno,
  year = {2008},
  pages = {53--66},
  file = {:/home/davids/Documents/EMEP_Reports/2008/Report2008_01/chapO3.pdf:PDF},
  keywords = {QQMy},
  opteditor = {Tarras\'on, L. and Ny{\'i}ri, {\'A}.}
}

@MISC{N290,
  author = { Simpson, D. and Hov, {\O}},
  title = {{Long period modelling of photochemical oxidants in {E}urope. Calculations
	for July 1985}},
  year = {1990},
  note = { {N}orwegian {M}eteorological {I}nstitute, {EMEP MSC-W} {N}ote 2/90}
}

@INCOLLECTION{R299:Comp,
  author = {D. Simpson and J.E. Jonson},
  title = {Source-receptor calculations},
  booktitle = {EMEP Summary Report 2/99, Transboundary photooxidants in Europe},
  year = {1999},
  pages = {29--40},
  institution = {The Norwegian Meteorological Institute, Oslo, Norway}
}

@INCOLLECTION{R298:Comp,
  author = {D. Simpson and J.E. Jonson},
  title = {{Comparison of Lagrangian and Eulerian models for the summer of 1996}},
  booktitle = {EMEP MSC-W Report 2/98, Part III Transboundary photooxidant air pollution
	in Europe. Calculations of tropospheric ozone and comparison with
	observations},
  publisher = metno,
  year = {1998},
  pages = {57--74}
}

@INCOLLECTION{R2005:O3,
  author = {Simpson, D. and Jonson, J.E. and Fagerli, H.},
  title = {{Acidifying and eutrophying components, status in 2003}},
  booktitle = {{Transboundary Acidification, Eutrophication and Ground Level
	Ozone in Europe. EMEP Status Report 1/2005}},
  publisher = metno,
  year = {2005},
  pages = {51--71},
  opteditor = {Tarras\'on, L.}
}

@INCOLLECTION{R2001:uni,
  author = {D. Simpson and J.E. Jonson and S. Unger},
  title = {{Progress with the ``Unified'' EMEP Model}},
  booktitle = {EMEP Report 1/2001, Transboundary Acidification and Photo-oxidants
	in Europe},
  publisher = metno,
  year = {2001}
}

@INCOLLECTION{SimpsonMakar:NILU,
  author = {Simpson, D. and Makar, P.},
  title = {{Modelling SOA and OC in Europe}},
  booktitle = {{Transboundary Particulate Matter in Europe, EMEP Status report 4/2004}},
  publisher = nilu,
  year = {2004},
  pages = {86--92}
}

@INCOLLECTION{R196:SM,
  author = { Simpson, D. and Malik, S.},
  title = { Photochemical oxidant modelling and source receptor relationships
	for ozone},
  booktitle = {{EMEP MSC-W Report 1/96, Transboundary air pollution in Europe. Part
	1: calculated fields and budgets of acid deposition and near surface
	ozone}},
  publisher = metno,
  year = {1996},
  editor = {Barrett, K. and Berge, E.},
  pages = {121--144}
}

@INCOLLECTION{R2010:Updates,
  author = {Simpson, D. and Gauss, M. and Tsyro, S. and Valdebenito, {\'A}.},
  title = {Model Updates},
  booktitle = {Transboundary acidification, eutrophication and ground level ozone
	in Europe. EMEP Status Report 1/2010},
  publisher = metno,
  year = {2010},
  pages = {105--109}
}

@INCOLLECTION{R2011:Updates,
  author = {Simpson, D. and Tsyro, S. and Valdebenito, {\'A}. and Wind, P.},
  title = {{Model Updates}},
  booktitle ={Transboundary Acidification, Eutrophication and Ground Level Ozone
	in Europe in 2009. {EMEP} Status Report 1/2011},
  publisher = metno,
  year = {2011}
}

@TECHREPORT{R397,
  author = {D. Simpson and K. Olendrzy\'{n}ski and A. Semb and E. St{\o}ren and
	S. Unger},
  title = {Photochemical oxidant modelling in {E}urope: multi-annual modelling
	and source-receptor relationships},
  institution = metno,
  year = {1997},
  type = {EMEP MSC-W Report},
  number = {3/97}
}

@INCOLLECTION{R299:Sector,
  author = {D. Simpson and S. Reis and J.E. Jonson},
  title = {Effects of emissions control - sector specific calculations},
  booktitle = {EMEP Summary Report 2/99, Transboundary photooxidants in Europe},
  publisher = metno,
  year = {1999},
  pages = {19--28}
}

@TECHREPORT{N492,
  author = { Simpson, D. and Styve, H. },
  title = {The effects of the {VOC} {P}rotocol on ozone concentrations in {E}urope},
  institution = metno,
  year = {1992},
  type = {EMEP MSC-W Note},
  number = {4/92}
}

@MISC{SFT,
  author = {D. Simpson and H. Styve and E. Berge},
  title = {Ozone concentrations in {N}orway and {E}urope - modelling the contribution
	from {N}orwegian {NO}$_x$ and {NMVOC} emissions},
  year = {1996},
  note = {Norwegian Pollution Control Authority (SFT), Oslo, Norway, Report
	96:01}
}

@INCOLLECTION{R2000:uni,
  author = {D. Simpson and S. Unger},
  title = {Towards a modular {CTM} system for {EMEP}},
  booktitle = {EMEP Report 2/2000, Transboundary Photo-oxidants in Europe},
  publisher = metno,
  year = {2000},
  pages = {53--56}
}

@INCOLLECTION{PM2009:SOA,
  author = {Simpson, D. and Yttri, K.E. and Bergstr\"om, R. and {Denier van der
	Gon}, H.},
  title = {Modelling {SOA} in {EMEP}: Experiments with the {VBS} Approach},
  booktitle = {{Transboundary Particulate Matter in Europe, Status Report 4/2004}},
  year = {2009},
  editor = {T{\o}rseth, K. (ed.)},
  number = {4/2009},
  type = {EMEP Report},
  file = {:/home/davids/Documents/EMEP_Reports/2009/emep4_soabit.pdf:PDF},
  institution = nilu,
  keywords = {QQDS}
}

@TECHREPORT{Solberg2013,
  author = {S. Solberg},
  title = {{VOC measurements 2011}},
  institution = {Norwegian Institute for Air Research, Kjeller, Norway},
  year = {2013},
  number = {EMEP/CCC Report 4/2013}
}

@TECHREPORT{Solberg2010,
  author = {S. Solberg},
  title = {{VOC measurements 2008}},
  institution = {Norwegian Institute for Air Research, Kjeller, Norway},
  year = {2010},
  number = {EMEP/CCC Report 4/2010}
}

@TECHREPORT{Solberg2004,
  author = {S. Solberg},
  title = {{VOC measurements 2002}},
  institution = nilu,
  year = {2004},
  number = {EMEP/CCC Report 8/2004}
}

@TECHREPORT{Solberg:NO_O3,
  author = {Solberg, S.},
  title = {{Monitoring of boundary layer ozone in Norway from 1977 to 2002}},
  year = {2003},
  note = {{NILU OR 85/2003}}
}

@MISC{Sverre2003,
  author = { Solberg, S.},
  title = {{ Comparison of VOC. Models vs. observations, EMEP TFMM Workshop
	Oslo 3-5 November 2003}},
  year = {2003},
  note = {\url{http://www.emep.int/TFMM_review2003/Presentations/17_oslo_nov2003_new.pdf}}
}

@TECHREPORT{Solberg:99,
  author = {Solberg, S.},
  title = {{VOC measurements 1998}},
  institution = nilu,
  year = {1999},
  type = {EMEP/CCC-Report},
  number = {5/99}
}

@TECHREPORT{Solberg1997,
  author = {S. Solberg and C. Dye and S. Reimann and N. Schmidbauer},
  title = {{VOC measurements 1996}},
  institution = {Norwegian Institute for Air Research, Kjeller, Norway},
  year = {1997},
  number = {EMEP/CCC Report 7/97}
}

@TECHREPORT{Sverre:ald,
  author = { Solberg, S. and Dye, C. and Schmidbauer, N. and Simpson, D.},
  title = {{ Evaluation of the VOC measurement programme within EMEP}},
  institution = nilu,
  year = {1995},
  type = {EMEP/CCC Report},
  number = {5/95}
}

@INCOLLECTION{R2000:ald,
  author = {S. Solberg and J.E. Jonson and D. Simpson},
  title = {{ Evaluation of the Eulerian and Lagrangian models by measurements
	of VOC and CO}},
  booktitle = {EMEP Report 2/2000, Transboundary Photo-oxidants in Europe},
  publisher = metno,
  year = {2000},
  pages = {19--28}
}

@TECHREPORT{Solberg2000,
  author = {Solberg, S. and Simpson, D. and Jonson, J.E. },
  title = {{Evaluation of the Eulerian and Lagrangian models by measurements
	of VOC and CO.}},
  institution = {The Norwegian Meteorological Institute, Oslo, Norway},
  year = {2000},
  type = {In {\it Transboundary photo-oxidant in Europe.} EMEP/MSC-W},
  number = {Status Report 2/2000}
}

@TECHREPORT{Solberg1999,
  author = {S. Solberg and D. Simpson and J. E. Jonson },
  title = {{Comparison of Eulerian and Lagrangian model calculations for carbonyls:
	Preliminary results}},
  institution = {The Norwegian Meteorological Institute, Oslo, Norway},
  year = {1999},
  type = {In {\it Transboundary photo-oxidant in Europe.} EMEP/MSC-W},
  number = {Status Report 2/99}
}

@INCOLLECTION{R2008:EECCA,
  author = {Leonor Tarras\'on and Hilde Fagerli and Michael Gauss and \'Agnes
	Ny\'{\i}ri and David Simpson and Svetlana Tsyro and Wenche Aas},
  title = {{S, N and O3 in EECCA countries}},
  booktitle = {Transboundary Acidification, Eutrophication and Ground Level Ozone
	in Europe in 2006. {EMEP} Status Report 1/2008},
  publisher = metno,
  year = {2008},
  pages = {67--86},
  file = {:/home/davids/Documents/EMEP_Reports/2008/Report2008_01/chapEECA.pdf:PDF},
  keywords = {QQMy},
  opteditor = {Tarras\'on, L. and Ny{\'i}ri, {\'A}.}
}

@INCOLLECTION{R2008:TrPoll2006,
  author = {Tarras\'on, L. and Ny\'{\i}ri, {\'A}. and Gauss, M. and Jonson, J.E.
	and Mareckova, K. and Wankm\"uller, R.},
  title = {Transboundary pollution in 2006},
  booktitle = {Transboundary Acidification, Eutrophication and Ground Level Ozone
	in {E}urope in 2006. {EMEP} Status Report 1/2008},
  publisher = metno,
  year = {2008},
  pages = {21--36},
  opteditor = {Tarras\'on, L. and Ny{\'i}ri, {\'A}.}
}

@INCOLLECTION{R2007:EMIS,
  author = {Tarras{\'o}n, L. and Benedictow, A. and Aas, W. and Klein, H. and
	Vestreng, V.},
  title = {Transboundary pollution in 2005: an overview},
  booktitle = {Transboundary Acidification, Eutrophication and Ground Level Ozone
	in Europe. EMEP Status Report 1/2007},
  publisher = metno,
  year = {2007},
  pages = {13--32},
  opteditor = {Tarras\'on, L.}
}

@INCOLLECTION{R2007:SN,
  author = {Fagerli, H.},
  title = {Air concentrations and depositions of acidifying and euthrophying
        components, status in 2005},
  booktitle = {Transboundary acidification, eutrophication and ground level ozo\
ne in Europe in 2005. EMEP Status Report 1/2007},
  publisher = metno,
  year = {2007},
  pages = {33--52}
}

@INCOLLECTION{R2007:Nitro,
  author = {Fagerli,H. and Aas, W.},
  title = {Validation of nitrogen compounds in the EMEP model},
  booktitle = {Transboundary acidification, eutrophication and ground level ozo\
ne in Europe in 2005. EMEP Status Report 1/2007},
  publisher = metno,
  year = {2007},
  pages = {73--90}
}

@incollection{R2007:O3,
  author        = {Jonson, J.E. and Tarras{\'o}n, L. and Benedictow, A. and Hje\
lbrekke, A.G.},
  year          = 2007,
  title         = "{Photo-oxidants, status in 2005}",
  booktitle     = "{Transboundary Acidification, Eutrophication
                   and Ground Level Ozone in Europe. EMEP Status Report
                   1/2007}",
  publisher     = metno,
  pages         = "53--69"
}

@INCOLLECTION{R2005:Met,
  author = {Tarras{\'o}n, L. and Benedictow, A. and Benestad, R. and Jonson,
	J.E. and Hanssen-Bauer, I. and Langner, J. and Bergstr\"om, R},
  title = {{Meteorological years available for use under the review of the National
	Emission Ceilings Directive (NECD) and the Gothenburg Protocol}},
  booktitle = {{Transboundary Acidification, Eutrophication and Ground Level Ozone
	in Europe. EMEP Status Report 1/2005}},
  publisher = metno,
  year = {2005},
  pages = {73--87},
  opteditor = {Tarras\'on, L.}
}

@TECHREPORT{R2004_01,
  author = {Tarras{\'o}n, L. and Fagerli, H. and Jonson, J.E. and Klein, H. and
	van Loon, M. and Simpson, D. and Tsyro, S. and Vestreng, V. and Wind,
	P. and Posch, M. and Solberg, S. and Spranger, T. and Thunis, P.
	and White, L.},
  title = {{Transboundary Acidification, Eutrophication and Ground Level Ozone
	in Europe.}},
  year = {2004},
  type = {EMEP Status Report},
  number = {1/2004},
  booktitle = {{EMEP MSC-W Status Report 1/2004. %AA Transboundary Acidification,
	Eutrophication and Ground Level Ozone in Europe.}},
  file = {:/home/davids/ARCHIVE/Documents/REPORTS/2004/Report2004_01/emep_report_1_2004.pdf:PDF},
  publisher = metno
}

@MISC{aviation:2004,
  author = {Tarras{\'o}n, L. and Jonson, J. E. and Berntsen, T. K. and Rypdal,
	K.},
  title = {Study on air quality impacts of non-LTO emissions from aviation},
  year = {2004},
  institution = {Norwegian Meteorological Institute, Oslo, Norway}
}

@INCOLLECTION{R2004:Emis,
  author = {Tarras{\'o}n, L. and Klein, H. and Thunis, P. and Vestreng, V. and
	White, L.},
  title = {{Emission distributions used for source-receptor calculations and
	CAFE scenario analysis}},
  booktitle = {Transboundary acidification, eutrophication and ground level ozone
	in Europe. EMEP Status Report 1/2004},
  publisher = metno,
  year = {2004},
  pages = {19--48}
}

@TECHREPORT{emep:2000,
  author = {Tarras{\'o}n, L. and Schaug, J.},
  title = {{ (eds.) Transboundary acid deposition in Europe}},
  institution = {{The Norwegian Meteorological Institute, Oslo, Norway}},
  year = {2000},
  type = {EMEP},
  number = {Report 1/2000}
}

@TECHREPORT{R199,
  author = {L. Tarras{\'o}n and J. Schaug},
  title = {{ (eds.) Transboundary acid deposition in Europe}},
  institution = {{The Norwegian Meteorological Institute, Oslo, Norway}},
  year = {1999},
  type = {EMEP},
  number = {Report 1/99}
}

@TECHREPORT{prog_rep,
  author = {Tarras{\'o}n, L. and Ukkelberg, U.},
  title = {Calculation of {S}ource-{R}eceptor {R}elationships for the {L}ong-range
	{T}ransport of {P}rimary {P}articles. {IIASA}-{DNMI} contract with
	{DG} {E}nv.},
  institution = {The Norwegian Meteorologial Institute, Oslo, Norway},
  year = {2001},
  type = {2nd Progress report}
}

@TECHREPORT{TN2009,
  author = {O. Travnikov and J. E. Jonson and A. S. Andersen and M. Gauss and
	A. Gusev and O. Rozovskaya and D. Simpson and V. Sokovyh and S. Valiyaveetil
	and P. Wind},
  title = {Development of the {EMEP} global modelling framework: Progress report},
  year = {2009},
  type = {{EMEP/MSC-E} Technical Report},
  number = {7/2009},
  institution = {EMEP/MSC-E}
}

@TECHREPORT{Travnikov2009,
  author = {Travnikov, O. and Jonson, J. E. and Andersen, A. S. and Gauss, M.
	and Gusev, A. and Rozovskaya, O. and Simpson, D. and Sokovyh, V.
	and Valiyaveetil, S. and Wind, P.},
  title = {Development of the EMEP global modelling framework: progress report},
  institution = {EMEP/MSC-E},
  year = {2009},
  type = {EMEP/MSC-E Technical Report},
  number = {7/2009}
}

@INCOLLECTION{Tsyro:2004,
  author = {Tsyro, S.},
  title = {{Model assessment of particulate matter in Europe in 2002}},
  booktitle = {{Transboundary Particulate Matter in Europe, EMEP Status report 4/2004}},
  publisher = nilu,
  year = {2004},
  pages = {55--86}
}

@TECHREPORT{Sv:AERO,
  author = {S. Tsyro},
  title = {{First estimates of the effect of aerosol dynamics in the calculation
	of PM10 and PM2.5}},
  institution = metno,
  year = {2002},
  number = {MSC-W Note 4/2002}
}

@MISC{R198:Svetlana,
  author = {S. Tsyro},
  title = {{Description of the Lagrangian Acid Deposition Model}},
  year = {1998},
  note = {In MSC-W (1988), Part 2: Numerical Addendum}
}

@TECHREPORT{N497:ships,
  author = {S. Tsyro and E. Berge},
  title = {{The contribution of ship emission from the North Sea and the north-eastern
	Atlantic Ocean to acidification in Europe}},
  institution = metno,
  year = {1997},
  number = {MSC-W Note 4/97}
}

@TECHREPORT{R100:Sveta,
  author = {S. Tsyro and L. Erdman},
  title = {{Parameterisation of aerosol deposition processes in EMEP MSC--E
	and MSC--W transport models}},
  institution = nilu,
  year = {2000},
  type = {EMEP MSC-W Note},
  number = {7/00},
  file = {:/home/davids/ARCHIVE/Documents/REPORTS/2000/dnmi_note_7_2000.pdf:PDF},
  keywords = {QQDEP}
}

@INCOLLECTION{UNI-AERO:Tsyro,
  author = {Tsyro, S. and Kahnert, M. and Tarras{\'o}n, L.},
  title = {{ Chemical composition of PM across Europe}},
  booktitle = {EMEP CCC \& MSC-W \& CIAM Status Report 4/2003, `Transboundary particulate
	matter in Europe. Part 1: calculated fields and budgets of acid depostion
	and near surface ozone'},
  publisher = metno,
  year = {2003},
  editor = {M. Kahnert and L. Tarras{\'o}n},
  pages = {11--25}
}

@TECHREPORT{Sv:Met,
  author = {S. Tsyro and E. St{\o}ren},
  title = {{New meteorological model for air pollution transport models}},
  institution = metno,
  year = {1999},
  number = {MSC-W Note 3/1999}
}

@TECHREPORT{emep401,
  author = {Tsyro, S. and Tarras{\'o}n, L.},
  title = {Model estimation of particulate matter levels in Europe},
  institution = {The Norwegian Meteorologial Institute, Oslo,Norway},
  year = {2001},
  type = {EMEP MSC-W},
  number = {4}
}

@INCOLLECTION{PM2009:PM,
  author = {Svetlana Tsyro and Yttri, K.E. and Wenche Aas},
  title = {Particulate matter mass concentrations},
  booktitle = {{Transboundary Particulate Matter in Europe, Status Report 4/2009}},
  publisher = nilu,
  year = {2009},
  number = {4/2009},
  type = {EMEP Report},
  pages = {30--37}
}

@MISC{Tuovinen:94,
  author = { J-P Tuovinen and K. Barrett and H. Styve },
  title = { Transboundary acidifying pollution in {E}urope: {C}alculated fields
	and budgets 1985-93},
  year = {1994},
  note = { {N}orwegian {M}eteorological {I}nstitute, {EMEP MSC-W} {R}eport
	1/94}
}

@MISC{CCC:InterComp2004,
  author = {Uggerud, H. and Hanssen, J.E. and Schaug, J. and Skjelmoen, J.E.},
  title = {{The twenty-first intercomparison of analytical methods within EMEP}},
  year = {2004},
  institution = nilu,
  number = {EMEP/CCC Report 6/2004}
}

@TECHREPORT{Vestreng:2003,
  author = {V. Vestreng},
  title = {{Review and Revision. Emission data reported to CLRTAP}},
  institution = metno,
  year = {2003},
  note = {EMEP MSC-W Status Report}
}

@TECHREPORT{Vestreng:2004,
  author = {Vestreng, V. and Adams, M. and Goodwin, J.},
  title = {{Inventory Review 2004. Emission data reported to CLRTAP and under
	the NEC directive. EMEP/EEA Joint Review Report}},
  institution = metno,
  year = {2004},
  number = {EMEP-MSCW Report 1/2004}
}

@TECHREPORT{Vestreng:2005,
  author = {Vestreng,V. and Breivik, K. and Adams, M. and Wagner, A. and Goodwin,
	J. and Rozovskaya, O. and Pacyna, J. M},
  title = {Inventory Review 2005. Emission data reported to LRTAP Convention
	and NEC Directive. Initial review for HMs and POPs.},
  institution = {EMEP/MSC-WEST},
  year = {2005}
}

@TECHREPORT{Vestreng:2002,
  author = {V. Vestreng and H. Klein},
  title = {{Emission data reported to UNECE/EMEP: Quality assurance and trend
	analysis $\&$ Presentation of WebDab}},
  institution = metno,
  year = {2002},
  type = {EMEP MSC-W},
  number = {Note 1/2002}
}

@TECHREPORT{Vestreng:2007EMEP,
  author = {Vestreng, V. and Mareckova, K. and Kakareka, S. and Malchykhina,
	A. and Kukharchyk, T.},
  title = {{Inventory Review 2007. Emission data reported to the LRTAP Convention
	and NEC directive. Stage 1 and 2 review. Review of gridded data and
	Review of PM inventories in Belarus, Republic of Moldova, Russian
	Federation and Ukraine.}},
  institution = metno,
  year = {2007},
  type = {EMEP/MSC-W Technical Report},
  number = {1/2007}
}

@TECHREPORT{Vestreng:2006EMEP,
  author = {Vestreng, V. and Riegler, E. and Adams, M. and Kindbom, K. and Pacyna,
	J. and van der Gon, H. Denier and Reis, S. and Travnikov, O.},
  title = {{Inventory Review 2006. Emission data reported to the LRTAP Convention
	and NEC Directive. Stage 1, 2 and 3 review. Evaluation of inventories
	of HMs and POPs.}},
  institution = metno,
  year = {2006},
  type = {EMEP/MSC-W Technical Report},
  number = {1/2006}
}

@TECHREPORT{Peter:Note5,
  author = {P. Wind},
  title = {{Development of a modeling system able to link hemispheric- regional
	and local air pollution problems}},
  institution = metno,
  year = {2002},
  number = {MSC-W Note 5/2002}
}

@INCOLLECTION{R2004:SR,
  author = {Wind, P. and Simpson, D. and Tarras{\'o}n, L.},
  title = {Source-receptor calculations},
  booktitle = {Transboundary acidification, eutrophication and ground level ozone
	in Europe. EMEP Status Report 1/2004},
  publisher = metno,
  year = {2004},
  pages = {49--75}
}

@MISC{Wind2002,
  author = {Wind, P. and Tarras{\'o}n, L. and Berge, E. and Sl{\o}rdal, L.H.
	and Solberg, S. and Walker, S.-E.},
  title = {{Development of a modeling system able to link hemispheric- regional
	and local air pollution problems}},
  year = {2002},
  institution = metno,
  number = {MSC-W Note 5/2002, Draft}
}

@TECHREPORT{Yttri2007c,
  author = {Yttri, K.E.},
  title = {{Concentrations of particulate matter (PM10, PM2.5) in Norway. Annual
	and seasonal trends and spatial variability, EMEP Particulate Matter
	Assessment Report, Part B, Annex A}},
  institution = nilu,
  year = {2007},
  type = {{NILU EMEP/CCC-Report 8/2007}},
  month = {{August}},
  pages = {292-307}
}

@INCOLLECTION{YttriFacchiniLevo,
  author = {Yttri, K.E. and Facchini, M.C.},
  title = {Levels and relative contribution of water-insoluble organic carbon
	at rural background sites in {Europe}},
  booktitle = {{Measurements of Particulate Matter: Status report 2005}},
  year = {2005},
  editor = {Yttri, K.E.},
  number = {5/2005},
  type = {EMEP/CCC Report},
  pages = {31--48},
  institution = nilu
}

@TECHREPORT{YttriKahnert2004,
  author = {Yttri, K.E. and Kahnert, M.},
  title = {{preliminary results from the EMEP EC/OC campaign}},
  institution = nilu,
  year = {2004},
  type = {EMEP/CCC-Report},
  number = {3/2004},
  booktitle = {{Measurements of Particulate Matter: Status report 2004}},
  editor = {Schaug, J.},
  pages = {17-29}
}

@INCOLLECTION{MSCE:Model,
  title = {Model description},
  booktitle = {Regional model MSCE-HM of heavy metal transboundary air pollution
	in Europe},
  publisher = {EMEP MSC-E},
  year = {2005},
  editor = {O.Travnikov and I.Ilyin},
  file = {:/home/davids/Documents/EMEP_Reports/2005/msce_techrep_06-2005.pdf:PDF},
  timestamp = {2008.11.11}
}

@BOOK{CCE1999,
  title = {{Calculation and Mapping of Critical Thresholds in Europe. Status
	report 1999}},
  publisher = {{Coordination Centre for Effects, RIVM, Bilthoven, The Netherlands}},
  year = {2001},
  editor = {Posch, M. and de Smet, P.A.M. and Hettelingh, J.-P. and Downing,
	R.J.}
}

@BOOK{CCE2001,
  title = {{Modelling and Mapping of Critical Thresholds in Europe. Status report
	2001}},
  publisher = {{Coordination Centre for Effects, RIVM, Bilthoven, The Netherlands}},
  year = {2001},
  editor = {Posch, M. and de Smet, P.A.M. and Hettelingh, J.-P. and Downing,
	R.J.}
}

@BOOK{NewGuidebook,
  title = {Atmospheric Emissions Inventory Guidebook, 2nd Edition},
  publisher = {European Environment Agency, Copenhagen, Denmark},
  year = {1999},
  editor = {Richardson, S.},
  note = {Joint EMEP/CORINAIR, prepared by the EMEP Task Force on Emission
	Inventories},
  key = {Richardson, S.}
}

@TECHREPORT{EMEP:AERO2004,
  title = {{Measurements of particulate matter: Status report 2004}},
  institution = nilu,
  year = {2004},
  number = {EMEP/CCC Report 3/2004},
  editor = {Schaug, J.},
  key = {Schaug, J. (ed)}
}

@TECHREPORT{R2003,
  title = {{EMEP Report 1/2003, Transboundary Acidification, Eutrophication
	and Ground Level Ozone in Europe. Part II, Unified EMEP Model Performance}},
  institution = metno,
  year = {2003},
  type = {EMEP Status Report 2003},
  editor = {Tarras{\'o}n, L.},
  key = {Tarras{\'o}n, L. (ed)}
}

@TECHREPORT{EMEP:PM2008,
  title = {{Transboundary Particulate Matter in Europe, Status Report 4/2008}},
  institution = nilu,
  year = {2008},
  type = {EMEP Report},
  number = {4/2008},
  editor = {T{\o}rseth, K.},
  key = {T{\o}rseth, K. ed. 2008}
}

@TECHREPORT{EMEP:PM2004,
  title = {{Transboundary Particulate Matter in Europe, Status report 4/2004}},
  institution = nilu,
  year = {2004},
  number = {EMEP Report 4/2004},
  editor = {T{\o}rseth, K. (ed.)}
}

@TECHREPORT{CCC:2004,
  title = {Data Report 2002 Acidifying and eutrophying compounds},
  institution = nilu,
  year = {2004},
  type = {EMEP/CCC-Report},
  key = {CCC:2004}
}


@TECHREPORT{UNECE1979,
  author = {UNECE},
  title = {{The 1979 Geneva Convention on Long-range Transboundary Air Pollution}},
  institution = {UNECE},
  year = {1979},
  url = {http://www.unece.org/env/lrtap/welcome.html}
}  

@TECHREPORT{UNECE1999,
  author = {UNECE},
  title = {{Protocol to the 1979 Conventionon on long-range transboundary air pollution to abate acidification, eutrophication and ground-level ozone}},
  institution = {UNECE},
  year = {1999},
  url = {http://www.unece.org/fileadmin/DAM/env/lrtap/full text/1999 Multi.E.Amended.2005.pdf}
}

@TECHREPORT{UNECE2009,
  author = {UNECE},
  title = {{Guidelines for reporting emission data under the Convention on Long-range Transboundary Air Pollution}},
  institution = {UNECE},
  year = {2009},
  number = {ECE/EB.AIR/97},
  url = {http://www.ceip.at/fileadmin/inhalte/emep/reporting_2009/Rep_Guidelines_ECE_EB_AIR_97_e.pdf}
}

@TECHREPORT{UNECE2012,
  author = {UNECE},
  title = {{Decision 2012/3: Adjustments under the Gothenburg Protocol to emission reduction commitments or to inventories for the purposes of comparing total national emissions with them}},
  institution = {UNECE},
  year = {2012},
  number = {ECE/EB.AIR/111},
  url = {http://www.unece.org/fileadmin/DAM/env/documents/2013/air/ECE_EB.AIR_111_Add.1__ENG_DECISION_3.pdf}
}

@TECHREPORT{UNECE2014,
  author = {UNECE},
  title = {{Guidelines for reporting emission data under the Convention on Long-range Transboundary Air Pollution}},
  institution = {UNECE},
  year = {2014},
  number = {ECE/EB.AIR/130},
  url = {http://www.ceip.at/fileadmin/inhalte/emep/2014_Guidelines/ece.eb.air.125_ADVANCE_VERSION_reporting_guidelines_2013.pdf}
}

@TECHREPORT{MonStrat2009,
  author = {UNECE},
  title = {{Progress in activities in 2009 and future work. Measurements
and modelling (acidification, eutrophication, photooxidants, heavy
metals, particulate matter and persistent organic pollutants). Draft
revised monitoring strategy.}},
  institution = {UNECE},
  year = {2009},
  number = {ECE/EB.AIR/GE.1/2009/15},
  url = {http://www.unece.org/env/documents/2009/EB/ge1/ece.eb.air.ge.1.2009.15.e.pdf}
}

@INCOLLECTION{R2012:EMIS,
  author = {Wankm\"uller, R. and Mareckova, K. and Gauss, M. and Ny\'{\i}ri, \'A. }, 
  title = {Emission data in 2010},
  booktitle = {Transboundary acidification, eutrophication and ground level ozone
	in Europe in 2010. EMEP Status Report 1/2012},
  publisher = metno,
  year = {2012},
  pages = {19--27}
}

@INCOLLECTION{R2012:Extinction,
  author = {Schulz, M. and Steensen, B. M. and Tsyro, S. and B. Koffi}, 
  title = {First results of comparison modelled aerosol extinction
                  profiles with CALIOP data},
  booktitle = {Transboundary acidification, eutrophication and ground level ozone
	in Europe in 2010. EMEP Status Report 1/2012},
  publisher = metno,
  year = {2012},
  pages = {113--121}
}

@INCOLLECTION{R2013:ModDev,
  author = {Simpson, D. and Tsyro, S. and Wind, P. and Steensen, B.~M.}, 
  title = {EMEP model development},
  booktitle = {Transboundary acidification, eutrophication and ground level ozone
	in Europe in 2011. EMEP Status Report 1/2013},
  publisher = metno,
  year = {2013}
}

@INCOLLECTION{R2013:Status,
  author = {Gauss, M. and Benedictow, A. and Hjellbrekke, A.-G. and Mareckova, K. and Ny\'{\i}ri, \'A. and Wankm\"uller, R.},
  title = {Status of transboundary pollution in 2011},
  booktitle = {Transboundary acidification, eutrophication and ground level ozone
	in Europe in 2011. {EMEP} Status Report 1/2013},
  publisher = metno,
  year = {2013}
}

@INCOLLECTION{R2013:Trends,
  author = {Schulz, M. and Benedictow, A. and Schneider, P. and Bartnicki, J. and Valdebenito, \'A. and Gauss, M. and Griesfeller, J.},
  title = {Modelling and evaluation of trends in the {EMEP} framework},
  booktitle = {Transboundary acidification, eutrophication and ground level ozone
	in Europe in 2011. {EMEP} Status Report 1/2013},
  publisher = metno,
  year = {2013}
}

@TECHREPORT{ED3:2014,
  author = {B. Bessagnet and A. Colette and F. Meleux and L. Rou\"il and A. Ung and O. Favez and C. Cuvelier and P. Thunis and S. Tsyro and R. Stern and A. Manders and R. Kranenburg and A. Aulinger and J. Bieser and M. Mircea and G. Briganti and A. Cappelletti and G. Calori and S. Finardi and C. Silibello and G. Ciarelli and S. Aksoyoglu and A. Pr\'evot and M.-T. Pay and J. M. Baldasano and M. Garc\'{\i}a Vivanco and J. L. Garrido and I. Palomino and F. Mart\'{\i}n and G. Pirovano and P. Roberts and L. Gonzalez and L. White and L. Menut and J.-C. Dupont and C. Carnevale and A. Pederzoli},
  title = {{The EURODELTA III exercise -- Model evaluation with observations
issued from the 2009 EMEP intensive period and standard
measurements in Feb/Mar 2009. TFMM \& MSC-W Technical Report 1/2014}},
  institution = {.},
  year = {2014}
}

@TECHREPORT{WEB2014:SN,
  author = { Gauss, M. and Tsyro, S. and Steensen, B. M. and Hjellbrekke, A.-G.},
  title = { Acidifying and eutrophying components},
  institution = metno,
  year = {2014},
  type = {{Supplementary material to EMEP Status Report 1/2014, available online
	at \url{www.emep.int}}},
  booktitle = {{EMEP/MSC-W model performance for acidifying and
  eutrophying components, photo-oxidants and particulate matter in
  2012. Supplementary material to EMEP Status Report 1/2014.}}
}

@TECHREPORT{WEB2014:O3,
  author = { Gauss, M. and Steensen, B. M. and Hjellbrekke, A.-G.},
  title = { Ozone},
  institution = metno,
  year = {2014},
  type = {{Supplementary material to EMEP Status Report 1/2014, available online
	at \url{www.emep.int}}},
  booktitle = {{EMEP/MSC-W model performance for acidifying and
  eutrophying components, photo-oxidants and particulate matter in
  2012. Supplementary material to EMEP Status Report 1/2014.}}
}

@TECHREPORT{WEB2014:PM,
  author = { Tsyro, S. and Gauss, M. and Steensen, B. M. and Hjellbrekke, A.-G.},
  title = { PM10, PM2.5 and individual aerosol components},
  institution = metno,
  year = {2014},
  type = {{Supplementary material to EMEP Status Report 1/2014, available online
	at \url{www.emep.int}}},
  booktitle = {{EMEP/MSC-W model performance for acidifying and
  eutrophying components, photo-oxidants and particulate matter in
  2012. Supplementary material to EMEP Status Report 1/2014.}}
}

@TECHREPORT{WEB2015:SN,
  author = { Gauss, M. and Tsyro, S. and Benedictow, A. C. and Hjellbrekke, A.-G.},
  title = { Acidifying and eutrophying components},
  institution = metno,
  year = {2015},
  type = {{Supplementary material to EMEP Status Report 1/2015, available online
	at \url{www.emep.int}}},
  booktitle = {{EMEP/MSC-W model performance for acidifying and
  eutrophying components, photo-oxidants and particulate matter in
  2013. Supplementary material to EMEP Status Report 1/2015.}}
}

@TECHREPORT{WEB2015:O3,
  author = { Gauss, M. and Hjellbrekke, A.-G. and Solberg, S.},
  title = { Ozone},
  institution = metno,
  year = {2015},
  type = {{Supplementary material to EMEP Status Report 1/2015, available online
	at \url{www.emep.int}}},
  booktitle = {{EMEP/MSC-W model performance for acidifying and
  eutrophying components, photo-oxidants and particulate matter in
  2013. Supplementary material to EMEP Status Report 1/2015.}}
}

@TECHREPORT{WEB2015:PM,
  author = { Tsyro, S. and Gauss, M. and Hjellbrekke, A.-G.},
  title = { PM10, PM2.5 and individual aerosol components},
  institution = metno,
  year = {2015},
  type = {{Supplementary material to EMEP Status Report 1/2015, available online
	at \url{www.emep.int}}},
  booktitle = {{EMEP/MSC-W model performance for acidifying and
  eutrophying components, photo-oxidants and particulate matter in
  2013. Supplementary material to EMEP Status Report 1/2015.}}
}

@TECHREPORT{WEB2016:SN,
  author = { Gauss, M. and Tsyro, S. and Fagerli, H. and Benedictow, A. C. and Hjellbrekke, A.-G. and Aas, W.},
  title = { Acidifying and eutrophying components},
  institution = metno,
  year = {2016},
  type = {{Supplementary material to EMEP Status Report 1/2016, available online
	at \url{www.emep.int}}},
  booktitle = {{EMEP/MSC-W model performance for acidifying and
  eutrophying components, photo-oxidants and particulate matter in
  2014. Supplementary material to EMEP Status Report 1/2016.}}
}

@TECHREPORT{WEB2016:O3,
  author = { Gauss, M. and Hjellbrekke, A.-G. and Solberg, S.},
  title = { Ozone},
  institution = metno,
  year = {2016},
  type = {{Supplementary material to EMEP Status Report 1/2016, available online
	at \url{www.emep.int}}},
  booktitle = {{EMEP/MSC-W model performance for acidifying and
  eutrophying components, photo-oxidants and particulate matter in
  2014. Supplementary material to EMEP Status Report 1/2016.}}
}

@TECHREPORT{WEB2016:PM,
  author = { Tsyro, S. and Gauss, M. and Hjellbrekke, A.-G.},
  title = { PM10, PM2.5 and individual aerosol components},
  institution = metno,
  year = {2016},
  type = {{Supplementary material to EMEP Status Report 1/2016, available online
	at \url{www.emep.int}}},
  booktitle = {{EMEP/MSC-W model performance for acidifying and
  eutrophying components, photo-oxidants and particulate matter in
  2014. Supplementary material to EMEP Status Report 1/2016.}}
}

@TECHREPORT{WEB2017:SN,
  author = { Gauss, M. and Tsyro, S. and Fagerli, H. and Hjellbrekke, A.-G. and Aas, W.},
  title = { Acidifying and eutrophying components},
  institution = metno,
  year = {2017},
  type = {{Supplementary material to EMEP Status Report 1/2017, available online
	at \url{www.emep.int}}},
  booktitle = {{EMEP/MSC-W model performance for acidifying and
  eutrophying components, photo-oxidants and particulate matter in
  2015. Supplementary material to EMEP Status Report 1/2017.}}
}


@INCOLLECTION{R2017:SHIP,
  author = {Gauss, M. and Jonson, J.E. and Ny\'{\i}ri, \'A.},
  title = {Emissions from international shipping},
  booktitle = {Transboundary particulate matter, photo-oxidants, acidifying and eutrophying components. EMEP Status Report 1/2017},
  pages={129-133},
  publisher = metno,
  year = {2017}
}

@TECHREPORT{WEB2017:O3,
  author = { Gauss, M. and Hjellbrekke, A.-G. and Aas, W. and Solberg, S.},
  title = { Ozone},
  institution = metno,
  year = {2017},
  type = {{Supplementary material to EMEP Status Report 1/2017, available online
	at \url{www.emep.int}}},
  booktitle = {{EMEP/MSC-W model performance for acidifying and
  eutrophying components, photo-oxidants and particulate matter in
  2015. Supplementary material to EMEP Status Report 1/2017.}}
}

@TECHREPORT{WEB2017:PM,
  author = { Tsyro, S. and Gauss, M. and Hjellbrekke, A.-G. and Aas, W.},
  title = { PM10, PM2.5 and individual aerosol components},
  institution = metno,
  year = {2017},
  type = {{Supplementary material to EMEP Status Report 1/2017, available online
	at \url{www.emep.int}}},
  booktitle = {{EMEP/MSC-W model performance for acidifying and
  eutrophying components, photo-oxidants and particulate matter in
  2015. Supplementary material to EMEP Status Report 1/2017.}}
}

@TECHREPORT{WEB2018:SN,
  author = { Gauss, M. and Tsyro, S. and Fagerli, H. and Hjellbrekke, A.-G. and Aas, W.},
  title = { Acidifying and eutrophying components},
  institution = metno,
  year = {2018},
  type = {{Supplementary material to EMEP Status Report 1/2018, available online
	at \url{www.emep.int}}},
  booktitle = {{EMEP/MSC-W model performance for acidifying and
  eutrophying components, photo-oxidants and particulate matter in
  2016. Supplementary material to EMEP Status Report 1/2018.}}
}

@TECHREPORT{WEB2018:O3,
  author = { Gauss, M. and Hjellbrekke, A.-G. and Aas, W. and Solberg, S.},
  title = { Ozone},
  institution = metno,
  year = {2018},
  type = {{Supplementary material to EMEP Status Report 1/2018, available online
	at \url{www.emep.int}}},
  booktitle = {{EMEP/MSC-W model performance for acidifying and
  eutrophying components, photo-oxidants and particulate matter in
  2016. Supplementary material to EMEP Status Report 1/2018.}}
}

@TECHREPORT{WEB2018:PM,
  author = { Tsyro, S. and Gauss, M. and Hjellbrekke, A.-G. and Aas, W.},
  title = { PM10, PM2.5 and individual aerosol components},
  institution = metno,
  year = {2018},
  type = {{Supplementary material to EMEP Status Report 1/2018, available online
	at \url{www.emep.int}}},
  booktitle = {{EMEP/MSC-W model performance for acidifying and
  eutrophying components, photo-oxidants and particulate matter in
  2016. Supplementary material to EMEP Status Report 1/2018.}}
}

@TECHREPORT{WEB2019:SN,
  author = { Gauss, M. and Tsyro, S. and Fagerli, H. and Hjellbrekke, A.-G. and Aas, W.},
  title = { Acidifying and eutrophying components},
  institution = metno,
  year = {2019},
  type = {{Supplementary material to EMEP Status Report 1/2019, available online
	at \url{www.emep.int}}},
  booktitle = {{EMEP/MSC-W model performance for acidifying and
  eutrophying components, photo-oxidants and particulate matter in
  2017. Supplementary material to EMEP Status Report 1/2019.}}
}

@TECHREPORT{WEB2019:O3,
  author = { Gauss, M. and Hjellbrekke, A.-G. and Aas, W. and Solberg, S.},
  title = { Ozone},
  institution = metno,
  year = {2019},
  type = {{Supplementary material to EMEP Status Report 1/2019, available online
	at \url{www.emep.int}}},
  booktitle = {{EMEP/MSC-W model performance for acidifying and
  eutrophying components, photo-oxidants and particulate matter in
  2017. Supplementary material to EMEP Status Report 1/2019.}}
}

@TECHREPORT{WEB2019:PM,
  author = { Tsyro, S. and Gauss, M. and Hjellbrekke, A.-G. and Aas, W.},
  title = { PM10, PM2.5 and individual aerosol components},
  institution = metno,
  year = {2019},
  type = {{Supplementary material to EMEP Status Report 1/2019, available online
	at \url{www.emep.int}}},
  booktitle = {{EMEP/MSC-W model performance for acidifying and
  eutrophying components, photo-oxidants and particulate matter in
  2017. Supplementary material to EMEP Status Report 1/2019.}}
}

@TECHREPORT{EMEP:WP,
  author = {UNECE},
  title = {{2014-2015 workplan for the implementation of the Convention.}},
  institution = {UNECE},
  year = {2014},
  number = {ECE/EB.AIR/122/Add.2},
  url = {http://www.unece.org/fileadmin/DAM/env/documents/2013/air/eb/ECE_EB.AIR_122_Add.2_advance_version.pdf}
}

@TECHREPORT{EMEP:WP2016,
  author = {UNECE},
  title = {{2016-2017 workplan for the implementation of the Convention.}},
  institution = {UNECE},
  year = {2016},
  number = {ECE/EB.AIR/133.Add.1},
  url = {https://www.unece.org/fileadmin/DAM/env/lrtap/ExecutiveBody/E_ECE_EB_AIR_133.Add.1.pdf}
}

@TECHREPORT{TFMM2016,
  author = {Colette, A. and Aas, W. and Banin, L. and Braban, C.F. and Ferm, M. and Gonz\'{a}lez Ortiz, A. and Ilyin, I. and Mar, K. and Pandolfi, M. and Putaud, J.-P. and Shatalov, V. and Solberg, S. and Spindler, G. and Tarasova, O. and Vana, M. and Adani, M. and Almodovar, P. and Berton, E. and Bessagnet, B. and Bohlin-Nizzetto, P. and Boruvkova, J. and Breivik, K. and Briganti, G. and Cappelletti, A. and Cuvelier, K. and Derwent, R. and D'Isidoro, M. and Fagerli, H. and Funk, C. and Garcia Vivanco, M. and Gonz\'{a}lez Ortiz, A. and Haeuber, R. and Hueglin, C. and Jenkins, S. and Kerr, J. and de Leeuw, F. and Lynch, J. and Manders, A. and Mircea, M. and Pay, M.T. and Pritula, D. and Putaud, J.-P. and Querol, X. and Raffort,V. and Reiss, I. and Roustan, Y. and Sauvage, S. and Scavo, K. and Simpson, D. and Smith, R.I. and Tang, Y.S. and Theobald, M. and T{\o}rseth, K. and Tsyro, S. and van Pul, A. and Vidic, S. and Wallasch, M. and Wind, P},
  title = {Air Pollution trends in the EMEP region between 1990 and 2012.},
  institution = {Norwegian Institute for Air Research, Kjeller, Norway},
  year = {2016},
  number = {Joint Report of the EMEP Task Force on Measurements and Modelling (TFMM), Chemical Co-ordinating Centre (CCC), Meteorological Synthesizing Centre-East (MSC-E), Meteorological Synthesizing Centre-West (MSC-W) EMEP/CCC Report 1/2016},
   url = {http://www.unece.org/fileadmin/DAM/env/documents/2016/AIR/Publications/Air_pollution_trends_in_the_EMEP_region.pdf}
}

@INCOLLECTION{R2015:Holuhraun,
  author = {Steensen, B. M. and Schulz, M. and Stebel, K. and Theys, N. and Fagerli, H. and Aas, W.},
  title = {Influence of the sulfur dioxide emissions from the Holuhraun eruption in 2014.},
  booktitle = {Transboundary acidification, eutrophication and ground level ozone
	in Europe in 2013. {EMEP} Status Report 1/2015},
  publisher = metno,
  year = {2015}
}

@MISC{TFMM2018,
 key = {{TFEIP/TFMM~(2018)}},
 year = 2018,
 title = {{Improving Emissions of Condensable Particulate Matter in the Context of the LRTAP Convention}}, 
 note = {{EMEP TFEIP/TFMM note submitted to 2019 Executive Body as informal document}},
 url = {http://www.unece.org/fileadmin/DAM/env/documents/2018/Air/EB/TFEIP-TFMM_proposal_condensables_for_EMEP_Steering_Body_v6.pdf}
}

@INCOLLECTION{R2018:SR,
  author = {Fagerli, H. and Tsyro, S. and Benedictow, A. and Klein, H. and Ny{\'i}ri, A. and and Valdebenito, {\'A}.}, 
  booktitle = {Transboundary particulate matter, photo-oxidants, acidifying and eutrophying components. EMEP Status Report 1/2018},
  title = {Source receptor matrices in the new {EMEP} grid},
  pages = {75--81},
  publisher = metno,
  year = 2018
}

@INCOLLECTION{R2018:emis,
  author = {Tista, M. and  Wankm{\"u}ller, R. and  Matthews, B. and  Mareckova, K. and  Fagerli, H. and  and Ny{\'i}ri, A.},
  booktitle = {Transboundary particulate matter, photo-oxidants, acidifying and eutrophying components. EMEP Status Report 1/2018},
  title = {Emissions for 2016},
  pages = {41--64},
  publisher = metno,
  year = 2018
}
